"Date","Time","Time zone","Name","Type","Status","Currency","Gross","Fee","Net","Receipt ID","Balance","Tip"
"01/10/2022","12:12:03","BST","Patreon Ireland Limited","Pre-approved Payment Bill User Payment","Completed","GBP","-8.40","0.00","-8.40","","-8.40",""
"01/10/2022","21:21:14","BST","Google","Pre-approved Payment Bill User Payment","Completed","GBP","-6.99","0.00","-6.99","","-15.39",""
"01/10/2022","22:51:49","BST","Uber Payments BV","Pre-approved Payment Bill User Payment","Completed","GBP","-32.00","0.00","-32.00","","-47.39",""
"01/10/2022","22:51:49","BST","Uber Payments BV","General Authorisation","Completed","GBP","-32.00","0.00","-32.00","","-47.39",""
"02/10/2022","04:17:44","BST","Microsoft Payments Unlimited Company","Pre-approved Payment Bill User Payment","Completed","GBP","-7.99","0.00","-7.99","","-55.38",""
"03/10/2022","20:17:39","BST","Adobe Systems Software Ireland LTD","Pre-approved Payment Bill User Payment","Completed","GBP","-24.96","0.00","-24.96","","-80.34",""
"03/10/2022","20:17:39","BST","Adobe Systems Software Ireland LTD","General Authorisation","Completed","GBP","-24.96","0.00","-24.96","","-80.34",""
"03/10/2022","23:37:57","BST","Google","Pre-approved Payment Bill User Payment","Completed","GBP","-4.99","0.00","-4.99","","-85.33",""
"05/10/2022","10:07:24","BST","www.steampowered.com","Pre-approved Payment Bill User Payment","Completed","GBP","-19.99","0.00","-19.99","","-105.32",""
"05/10/2022","20:24:58","BST","Uber Payments BV","Pre-approved Payment Bill User Payment","Completed","GBP","-15.51","0.00","-15.51","","-120.83",""
"05/10/2022","20:24:58","BST","Uber Payments BV","General Authorisation","Completed","GBP","-15.51","0.00","-15.51","","-120.83",""
"07/10/2022","03:59:25","BST","NETFLIX SERVICES UK LIMITED","Pre-approved Payment Bill User Payment","Completed","GBP","-10.99","0.00","-10.99","","-131.82",""
"07/10/2022","21:38:33","BST","FLIGHT NETWORK UK LIMITED","Express Checkout Payment","Completed","GBP","-266.18","0.00","-266.18","","-398.00",""
"07/10/2022","21:38:33","BST","","PayPal Buyer Credit Payment Funding","Completed","GBP","266.18","0.00","266.18","","-131.82",""
"07/10/2022","21:38:33","BST","FLIGHT NETWORK UK LIMITED","General Authorisation","Completed","GBP","-266.18","0.00","-266.18","","-131.82",""
"08/10/2022","08:20:16","BST","635 PayPal Lux","General Payment","Completed","GBP","-88.73","0.00","-88.73","","-220.55",""
"08/10/2022","08:20:16","BST","635 PayPal Lux","General Authorisation","Completed","GBP","-88.73","0.00","-88.73","","-220.55",""
"08/10/2022","21:21:13","BST","Google","Pre-approved Payment Bill User Payment","Completed","GBP","-6.99","0.00","-6.99","","-227.54",""
"09/10/2022","12:19:40","BST","Betway Limited","Pre-approved Payment Bill User Payment","Completed","GBP","-20.00","0.00","-20.00","","-247.54",""
"09/10/2022","13:17:05","BST","Google","Pre-approved Payment Bill User Payment","Completed","GBP","-9.99","0.00","-9.99","","-257.53",""
"13/10/2022","01:02:45","BST","Google","Pre-approved Payment Bill User Payment","Completed","GBP","-4.99","0.00","-4.99","","-262.52",""
"13/10/2022","21:31:44","BST","Uber Payments BV","Pre-approved Payment Bill User Payment","Completed","GBP","-11.93","0.00","-11.93","","-274.45",""
"13/10/2022","21:31:44","BST","Uber Payments BV","General Authorisation","Completed","GBP","-11.93","0.00","-11.93","","-274.45",""
"14/10/2022","14:45:58","BST","Google","Pre-approved Payment Bill User Payment","Completed","GBP","-19.99","0.00","-19.99","","-294.44",""
"15/10/2022","19:13:29","BST","Transopco UK Ltd.","Pre-approved Payment Bill User Payment","Completed","GBP","-8.55","0.00","-8.55","","-302.99",""
"15/10/2022","21:21:16","BST","Google","Pre-approved Payment Bill User Payment","Completed","GBP","-6.99","0.00","-6.99","","-309.98",""
"19/10/2022","00:30:21","BST","The Washington Post","Pre-approved Payment Bill User Payment","Completed","GBP","-2.00","0.00","-2.00","","-311.98",""
"19/10/2022","09:28:21","BST","Google","Pre-approved Payment Bill User Payment","Completed","GBP","-19.99","0.00","-19.99","","-331.97",""
"22/10/2022","19:06:13","BST","SONY INTERACTIVE ENTERTAINMENT NETWORK EUROPE LIMITED","Pre-approved Payment Bill User Payment","Completed","GBP","-3.99","0.00","-3.99","","-335.96",""
"22/10/2022","23:00:32","BST","Uber Payments BV","Void of Authorisation","Reversed","GBP","-17.87","0.00","-17.87","","-335.96",""
"24/10/2022","03:10:18","BST","Google","Pre-approved Payment Bill User Payment","Completed","GBP","-1.59","0.00","-1.59","","-337.55",""
"24/10/2022","18:47:10","BST","LIME TECHNOLOGY LIMITED","Pre-approved Payment Bill User Payment","Completed","GBP","-2.47","0.00","-2.47","","-340.02",""
"25/10/2022","19:29:00","BST","Uber Payments BV","Pre-approved Payment Bill User Payment","Completed","GBP","-13.37","0.00","-13.37","","-353.39",""
"25/10/2022","19:29:00","BST","Uber Payments BV","General Authorisation","Completed","GBP","-13.37","0.00","-13.37","","-353.39",""
"27/10/2022","19:39:18","BST","Google","Pre-approved Payment Bill User Payment","Completed","GBP","-11.99","0.00","-11.99","","-365.38",""
"27/10/2022","20:17:53","BST","Uber Payments BV","Pre-approved Payment Bill User Payment","Completed","GBP","-20.72","0.00","-20.72","","-386.10",""
"27/10/2022","20:17:53","BST","Uber Payments BV","General Authorisation","Completed","GBP","-20.72","0.00","-20.72","","-386.10",""
"28/10/2022","22:09:29","BST","Uber Payments BV","Pre-approved Payment Bill User Payment","Completed","GBP","-16.77","0.00","-16.77","","-402.87",""
"28/10/2022","22:09:29","BST","Uber Payments BV","General Authorisation","Completed","GBP","-16.77","0.00","-16.77","","-402.87",""
"30/10/2022","19:44:26","GMT","Uber Payments BV","Pre-approved Payment Bill User Payment","Completed","GBP","-18.21","0.00","-18.21","","-421.08",""
"30/10/2022","19:44:26","GMT","Uber Payments BV","General Authorisation","Completed","GBP","-18.21","0.00","-18.21","","-421.08",""
"01/11/2022","12:30:56","GMT","Patreon Ireland Limited","Pre-approved Payment Bill User Payment","Completed","GBP","-8.40","0.00","-8.40","","-429.48",""
"01/11/2022","16:07:56","GMT","635 PayPal Lux","Void of Authorisation","Reversed","GBP","-16.47","0.00","-16.47","","-429.48",""
"02/11/2022","05:58:01","GMT","Microsoft Payments Unlimited Company","Pre-approved Payment Bill User Payment","Completed","GBP","-7.99","0.00","-7.99","","-437.47",""
"02/11/2022","17:35:34","GMT","LIME TECHNOLOGY LIMITED","Pre-approved Payment Bill User Payment","Completed","GBP","-3.10","0.00","-3.10","","-440.57",""
"02/11/2022","18:14:46","GMT","LIME TECHNOLOGY LIMITED","Pre-approved Payment Bill User Payment","Completed","GBP","-5.41","0.00","-5.41","","-445.98",""
"02/11/2022","18:31:46","GMT","Gorillas Technologies GmbH","Express Checkout Payment","Completed","GBP","-24.19","0.00","-24.19","","-470.17",""
"03/11/2022","14:47:29","GMT","LIME TECHNOLOGY LIMITED","Pre-approved Payment Bill User Payment","Completed","GBP","-2.00","0.00","-2.00","","-472.17",""
"03/11/2022","19:52:38","GMT","Adobe Systems Software Ireland LTD","Pre-approved Payment Bill User Payment","Completed","GBP","-24.96","0.00","-24.96","","-497.13",""
"03/11/2022","19:52:38","GMT","Adobe Systems Software Ireland LTD","General Authorisation","Completed","GBP","-24.96","0.00","-24.96","","-497.13",""
"03/11/2022","20:18:05","GMT","Gorillas Technologies GmbH","Express Checkout Payment","Completed","GBP","-14.59","0.00","-14.59","","-511.72",""
"03/11/2022","22:37:57","GMT","Google","Pre-approved Payment Bill User Payment","Completed","GBP","-4.99","0.00","-4.99","","-516.71",""
"04/11/2022","20:38:32","GMT","Uber Payments BV","Pre-approved Payment Bill User Payment","Completed","GBP","-24.56","0.00","-24.56","","-541.27",""
"04/11/2022","20:38:32","GMT","Uber Payments BV","General Authorisation","Completed","GBP","-24.56","0.00","-24.56","","-541.27",""
"05/11/2022","21:03:57","GMT","Uber Payments BV","Pre-approved Payment Bill User Payment","Completed","GBP","-19.05","0.00","-19.05","","-560.32",""
"05/11/2022","21:03:57","GMT","Uber Payments BV","General Authorisation","Completed","GBP","-19.05","0.00","-19.05","","-560.32",""
"05/11/2022","22:40:15","GMT","JUSTEAT.CO.UK LTD","Express Checkout Payment","Completed","GBP","-12.64","0.00","-12.64","","-572.96",""
"05/11/2022","22:40:15","GMT","JUSTEAT.CO.UK LTD","General Authorisation","Completed","GBP","-12.64","0.00","-12.64","","-572.96",""
"06/11/2022","15:46:54","GMT","LIME TECHNOLOGY LIMITED","Pre-approved Payment Bill User Payment","Completed","GBP","-2.47","0.00","-2.47","","-575.43",""
"07/11/2022","04:12:32","GMT","NETFLIX SERVICES UK LIMITED","Pre-approved Payment Bill User Payment","Completed","GBP","-10.99","0.00","-10.99","","-586.42",""
"07/11/2022","10:00:00","GMT","635 PayPal Lux","General Payment","Completed","GBP","-88.73","0.00","-88.73","","-675.15",""
"08/11/2022","00:06:43","GMT","JUSTEAT.CO.UK LTD","Express Checkout Payment","Completed","GBP","-14.90","0.00","-14.90","","-690.05",""
"08/11/2022","00:06:43","GMT","JUSTEAT.CO.UK LTD","General Authorisation","Completed","GBP","-14.90","0.00","-14.90","","-690.05",""
"09/11/2022","16:31:42","GMT","Gorillas Technologies GmbH","Express Checkout Payment","Completed","GBP","-24.03","0.00","-24.03","","-714.08",""
"11/11/2022","20:27:30","GMT","Uber Payments BV","Pre-approved Payment Bill User Payment","Completed","GBP","-21.42","0.00","-21.42","","-735.50",""
"11/11/2022","20:27:30","GMT","Uber Payments BV","General Authorisation","Completed","GBP","-21.42","0.00","-21.42","","-735.50",""
"12/11/2022","09:17:01","GMT","Uber Payments BV","Pre-approved Payment Bill User Payment","Completed","GBP","-2.75","0.00","-2.75","","-738.25",""
"12/11/2022","10:10:01","GMT","Uber Payments BV","Pre-approved Payment Bill User Payment","Completed","GBP","-21.89","0.00","-21.89","","-760.14",""
"12/11/2022","10:10:01","GMT","Uber Payments BV","General Authorisation","Completed","GBP","-21.89","0.00","-21.89","","-760.14",""
"15/11/2022","22:30:33","GMT","JUSTEAT.CO.UK LTD","Express Checkout Payment","Completed","GBP","-13.17","0.00","-13.17","","-773.31",""
"15/11/2022","22:30:33","GMT","JUSTEAT.CO.UK LTD","General Authorisation","Completed","GBP","-13.17","0.00","-13.17","","-773.31",""
"16/11/2022","00:30:42","GMT","The Washington Post","Pre-approved Payment Bill User Payment","Completed","GBP","-2.00","0.00","-2.00","","-775.31",""
"18/11/2022","13:46:52","GMT","Argos Limited","Express Checkout Payment","Completed","GBP","-44.98","0.00","-44.98","","-820.29",""
"18/11/2022","13:46:52","GMT","","PayPal Buyer Credit Payment Funding","Completed","GBP","44.98","0.00","44.98","","-775.31",""
"18/11/2022","13:46:52","GMT","Argos Limited","General Authorisation","Completed","GBP","-44.98","0.00","-44.98","","-775.31",""
"18/11/2022","21:56:42","GMT","Transopco UK Ltd.","Pre-approved Payment Bill User Payment","Completed","GBP","-13.00","0.00","-13.00","","-788.31",""
"18/11/2022","21:56:42","GMT","Transopco UK Ltd.","General Authorisation","Completed","GBP","-13.00","0.00","-13.00","","-788.31",""
"19/11/2022","09:06:24","GMT","635 PayPal Lux","General Payment","Completed","GBP","-14.99","0.00","-14.99","","-803.30",""
"19/11/2022","09:06:24","GMT","635 PayPal Lux","General Authorisation","Completed","GBP","-14.99","0.00","-14.99","","-803.30",""
"19/11/2022","17:10:30","GMT","SONY INTERACTIVE ENTERTAINMENT NETWORK EUROPE LIMITED","Pre-approved Payment Bill User Payment","Completed","GBP","-49.99","0.00","-49.99","","-853.29",""
"19/11/2022","22:10:23","GMT","JUSTEAT.CO.UK LTD","Express Checkout Payment","Completed","GBP","-15.27","0.00","-15.27","","-868.56",""
"19/11/2022","22:10:23","GMT","JUSTEAT.CO.UK LTD","General Authorisation","Completed","GBP","-15.27","0.00","-15.27","","-868.56",""
"22/11/2022","15:57:21","GMT","Google","Pre-approved Payment Bill User Payment","Completed","GBP","-5.99","0.00","-5.99","","-874.55",""
"22/11/2022","18:06:06","GMT","SONY INTERACTIVE ENTERTAINMENT NETWORK EUROPE LIMITED","Pre-approved Payment Bill User Payment","Completed","GBP","-3.99","0.00","-3.99","","-878.54",""
"24/11/2022","02:10:18","GMT","Google","Pre-approved Payment Bill User Payment","Completed","GBP","-1.59","0.00","-1.59","","-880.13",""
"24/11/2022","04:40:22","GMT","JUSTEAT.CO.UK LTD","Express Checkout Payment","Completed","GBP","-10.50","0.00","-10.50","","-890.63",""
"24/11/2022","04:40:22","GMT","JUSTEAT.CO.UK LTD","General Authorisation","Completed","GBP","-10.50","0.00","-10.50","","-890.63",""
"25/11/2022","12:04:59","GMT","Uber Payments BV","Pre-approved Payment Bill User Payment","Completed","GBP","-30.06","0.00","-30.06","","-920.69",""
"25/11/2022","12:04:59","GMT","Uber Payments BV","General Authorisation","Completed","GBP","-30.06","0.00","-30.06","","-920.69",""
"26/11/2022","09:08:45","GMT","Google","Pre-approved Payment Bill User Payment","Completed","GBP","-11.99","0.00","-11.99","","-932.68",""
"27/11/2022","18:39:10","GMT","Google","Pre-approved Payment Bill User Payment","Completed","GBP","-11.99","0.00","-11.99","","-944.67",""
"27/11/2022","23:58:24","GMT","JUSTEAT.CO.UK LTD","Express Checkout Payment","Completed","GBP","-11.94","0.00","-11.94","","-956.61",""
"27/11/2022","23:58:24","GMT","JUSTEAT.CO.UK LTD","General Authorisation","Completed","GBP","-11.94","0.00","-11.94","","-956.61",""
"28/11/2022","21:08:18","GMT","MYOPTIQUE GROUP LTD","Express Checkout Payment","Completed","GBP","-73.50","0.00","-73.50","","-1,030.11",""
"28/11/2022","21:08:18","GMT","","PayPal Buyer Credit Payment Funding","Completed","GBP","73.50","0.00","73.50","","-956.61",""
"29/11/2022","10:50:42","GMT","635 PayPal Lux","General Payment","Completed","GBP","-24.50","0.00","-24.50","","-981.11",""
"29/11/2022","10:50:42","GMT","635 PayPal Lux","General Authorisation","Completed","GBP","-24.50","0.00","-24.50","","-981.11",""
"29/11/2022","14:13:21","GMT","Adobe Systems Software Ireland LTD","Express Checkout Payment","Completed","GBP","-30.34","0.00","-30.34","","-1,011.45",""
"29/11/2022","14:13:21","GMT","Adobe Systems Software Ireland LTD","General Authorisation","Completed","GBP","-30.34","0.00","-30.34","","-1,011.45",""
"01/12/2022","11:38:56","GMT","Patreon Ireland Limited","Pre-approved Payment Bill User Payment","Completed","GBP","-8.40","0.00","-8.40","","-1,019.85",""
"02/12/2022","03:27:33","GMT","Microsoft Payments Unlimited Company","Pre-approved Payment Bill User Payment","Completed","GBP","-7.99","0.00","-7.99","","-1,027.84",""
"03/12/2022","01:14:08","GMT","Transopco UK Ltd.","Pre-approved Payment Bill User Payment","Completed","GBP","-14.80","0.00","-14.80","","-1,042.64",""
"03/12/2022","22:37:58","GMT","Google","Pre-approved Payment Bill User Payment","Completed","GBP","-4.99","0.00","-4.99","","-1,047.63",""
"04/12/2022","09:04:46","GMT","Adobe Systems Software Ireland LTD","Pre-approved Payment Bill User Payment","Completed","GBP","-24.96","0.00","-24.96","","-1,072.59",""
"04/12/2022","09:04:46","GMT","Adobe Systems Software Ireland LTD","General Authorisation","Completed","GBP","-24.96","0.00","-24.96","","-1,072.59",""
"05/12/2022","18:39:32","GMT","Google","Pre-approved Payment Bill User Payment","Completed","GBP","-11.99","0.00","-11.99","","-1,084.58",""
"05/12/2022","22:20:50","GMT","Codecademy, LLC","Pre-approved Payment Bill User Payment","Completed","GBP","-119.94","0.00","-119.94","","-1,204.52",""
"05/12/2022","23:06:29","GMT","Google","Pre-approved Payment Bill User Payment","Completed","GBP","-21.99","0.00","-21.99","","-1,226.51",""
"06/12/2022","12:58:51","GMT","Uber Payments BV","Pre-approved Payment Bill User Payment","Completed","GBP","-40.28","0.00","-40.28","","-1,266.79",""
"06/12/2022","12:58:51","GMT","Uber Payments BV","General Authorisation","Completed","GBP","-44.88","0.00","-44.88","","-1,266.79",""
"07/12/2022","02:00:47","GMT","JUSTEAT.CO.UK LTD","Express Checkout Payment","Completed","GBP","-29.54","0.00","-29.54","","-1,296.33",""
"07/12/2022","02:00:47","GMT","JUSTEAT.CO.UK LTD","General Authorisation","Completed","GBP","-29.54","0.00","-29.54","","-1,296.33",""
"07/12/2022","04:39:29","GMT","NETFLIX SERVICES UK LIMITED","Pre-approved Payment Bill User Payment","Completed","GBP","-10.99","0.00","-10.99","","-1,307.32",""
"07/12/2022","09:31:15","GMT","635 PayPal Lux","General Payment","Completed","GBP","-88.72","0.00","-88.72","","-1,396.04",""
"07/12/2022","22:06:34","GMT","Google","Pre-approved Payment Bill User Payment","Completed","GBP","-15.99","0.00","-15.99","","-1,412.03",""
"07/12/2022","22:09:22","GMT","Google","Pre-approved Payment Bill User Payment","Completed","GBP","-7.99","0.00","-7.99","","-1,420.02",""
"08/12/2022","16:03:01","GMT","Google","Pre-approved Payment Bill User Payment","Completed","GBP","-7.99","0.00","-7.99","","-1,428.01",""
"09/12/2022","02:00:11","GMT","Transopco UK Ltd.","Pre-approved Payment Bill User Payment","Completed","GBP","-20.85","0.00","-20.85","","-1,448.86",""
"09/12/2022","17:11:58","GMT","Canva Pty Limited","Pre-approved Payment Bill User Payment","Completed","GBP","-10.99","0.00","-10.99","","-1,459.85",""
"09/12/2022","17:11:58","GMT","Canva Pty Limited","General Authorisation","Completed","GBP","-10.99","0.00","-10.99","","-1,459.85",""
"09/12/2022","22:36:07","GMT","Transopco UK Ltd.","Pre-approved Payment Bill User Payment","Completed","GBP","-18.10","0.00","-18.10","","-1,477.95",""
"10/12/2022","00:20:45","GMT","Transopco UK Ltd.","Pre-approved Payment Bill User Payment","Completed","GBP","-29.85","0.00","-29.85","","-1,507.80",""
"10/12/2022","02:11:29","GMT","Transopco UK Ltd.","Pre-approved Payment Bill User Payment","Completed","GBP","-9.24","0.00","-9.24","","-1,517.04",""
"10/12/2022","17:48:30","GMT","LIME TECHNOLOGY LIMITED","Pre-approved Payment Bill User Payment","Completed","GBP","-2.61","0.00","-2.61","","-1,519.65",""
"10/12/2022","22:22:37","GMT","LIME TECHNOLOGY LIMITED","Pre-approved Payment Bill User Payment","Completed","GBP","-4.91","0.00","-4.91","","-1,524.56",""
"11/12/2022","00:29:27","GMT","LIME TECHNOLOGY LIMITED","Pre-approved Payment Bill User Payment","Completed","GBP","-3.30","0.00","-3.30","","-1,527.86",""
"11/12/2022","02:16:36","GMT","McDonalds 0001","Website Payment","Completed","GBP","-14.14","0.00","-14.14","","-1,542.00",""
"11/12/2022","02:16:36","GMT","McDonalds 0001","General Authorisation","Completed","GBP","-14.14","0.00","-14.14","","-1,542.00",""
"12/12/2022","23:06:27","GMT","Google","Pre-approved Payment Bill User Payment","Completed","GBP","-21.99","0.00","-21.99","","-1,563.99",""
"13/12/2022","22:13:15","GMT","JUSTEAT.CO.UK LTD","Express Checkout Payment","Completed","GBP","-15.67","0.00","-15.67","","-1,579.66",""
"13/12/2022","22:13:15","GMT","JUSTEAT.CO.UK LTD","General Authorisation","Completed","GBP","-15.67","0.00","-15.67","","-1,579.66",""
"14/12/2022","00:30:12","GMT","The Washington Post","Pre-approved Payment Bill User Payment","Completed","GBP","-2.00","0.00","-2.00","","-1,581.66",""
"15/12/2022","02:42:48","GMT","JUSTEAT.CO.UK LTD","Express Checkout Payment","Completed","GBP","-11.52","0.00","-11.52","","-1,593.18",""
"15/12/2022","02:42:48","GMT","JUSTEAT.CO.UK LTD","General Authorisation","Completed","GBP","-11.52","0.00","-11.52","","-1,593.18",""
"15/12/2022","12:38:05","GMT","LogPay Financial Services GmbH","Express Checkout Payment","Completed","EUR","-3.70","0.00","-3.70","","-3.70",""
"15/12/2022","12:38:05","GMT","","General Currency Conversion","Completed","GBP","-3.32","0.00","-3.32","","-1,596.50",""
"15/12/2022","12:38:05","GMT","","General Currency Conversion","Completed","EUR","3.70","0.00","3.70","","0.00",""
"16/12/2022","11:10:55","GMT","LogPay Financial Services GmbH","Express Checkout Payment","Completed","EUR","-17.00","0.00","-17.00","","-17.00",""
"16/12/2022","11:10:55","GMT","","General Currency Conversion","Completed","GBP","-15.46","0.00","-15.46","","-1,611.96",""
"16/12/2022","11:10:55","GMT","","General Currency Conversion","Completed","EUR","17.00","0.00","17.00","","0.00",""
"17/12/2022","09:15:40","GMT","LogPay Financial Services GmbH","Express Checkout Payment","Completed","EUR","-18.40","0.00","-18.40","","-18.40",""
"17/12/2022","09:15:40","GMT","","General Currency Conversion","Completed","GBP","-16.81","0.00","-16.81","","-1,628.77",""
"17/12/2022","09:15:40","GMT","","General Currency Conversion","Completed","EUR","18.40","0.00","18.40","","0.00",""
"17/12/2022","19:56:43","GMT","Xara Beitinger","Mobile Payment","Completed","EUR","-27.36","0.00","-27.36","","-27.36",""
"17/12/2022","19:56:43","GMT","","General Currency Conversion","Completed","GBP","-25.00","0.00","-25.00","","-1,653.77",""
"17/12/2022","19:56:43","GMT","","General Currency Conversion","Completed","EUR","27.36","0.00","27.36","","0.00",""
"18/12/2022","08:56:26","GMT","635 PayPal Lux","General Payment","Completed","GBP","-15.00","0.00","-15.00","","-1,668.77",""
"18/12/2022","22:40:20","GMT","Google","Pre-approved Payment Bill User Payment","Completed","GBP","-7.99","0.00","-7.99","","-1,676.76",""
"19/12/2022","17:19:44","GMT","Uber Payments BV","Pre-approved Payment Bill User Payment","Completed","GBP","-41.03","0.00","-41.03","","-1,717.79",""
"19/12/2022","17:19:44","GMT","Uber Payments BV","General Authorisation","Completed","GBP","-42.03","0.00","-42.03","","-1,717.79",""
"19/12/2022","23:06:27","GMT","Google","Pre-approved Payment Bill User Payment","Completed","GBP","-21.99","0.00","-21.99","","-1,739.78",""
"22/12/2022","11:03:59","GMT","Uber Payments BV","Payment Refund","Completed","GBP","3.00","0.00","3.00","","-1,736.78",""
"22/12/2022","18:06:04","GMT","SONY INTERACTIVE ENTERTAINMENT NETWORK EUROPE LIMITED","Pre-approved Payment Bill User Payment","Completed","GBP","-3.99","0.00","-3.99","","-1,740.77",""
"24/12/2022","02:10:18","GMT","Google","Pre-approved Payment Bill User Payment","Completed","GBP","-1.59","0.00","-1.59","","-1,742.36",""
"24/12/2022","23:29:19","GMT","Uber Payments BV","Pre-approved Payment Bill User Payment","Completed","GBP","-16.72","0.00","-16.72","","-1,759.08",""
"24/12/2022","23:29:22","GMT","Uber Payments BV","Void of Authorisation","Reversed","GBP","-1.00","0.00","-1.00","","-1,759.08",""
"25/12/2022","20:42:59","GMT","Google","Pre-approved Payment Bill User Payment","Completed","GBP","-7.99","0.00","-7.99","","-1,767.07",""
"26/12/2022","23:06:27","GMT","Google","Pre-approved Payment Bill User Payment","Completed","GBP","-21.99","0.00","-21.99","","-1,789.06",""
"27/12/2022","18:39:09","GMT","Google","Pre-approved Payment Bill User Payment","Completed","GBP","-11.99","0.00","-11.99","","-1,801.05",""
"28/12/2022","13:36:02","GMT","635 PayPal Lux","General Payment","Completed","GBP","-24.50","0.00","-24.50","","-1,825.55",""
"28/12/2022","21:57:02","GMT","Uber Payments BV","Pre-approved Payment Bill User Payment","Completed","GBP","-7.90","0.00","-7.90","","-1,833.45",""
"28/12/2022","21:57:05","GMT","Uber Payments BV","Void of Authorisation","Reversed","GBP","-1.00","0.00","-1.00","","-1,833.45",""
"29/12/2022","13:01:55","GMT","","General Withdrawal","Completed","GBP","-3.00","0.00","-3.00","","-1,833.45",""
"30/12/2022","15:19:10","GMT","Adobe Systems Software Ireland LTD","Pre-approved Payment Bill User Payment","Completed","GBP","-30.34","0.00","-30.34","","-1,863.79",""
"30/12/2022","15:19:10","GMT","Adobe Systems Software Ireland LTD","General Authorisation","Completed","GBP","-30.34","0.00","-30.34","","-1,863.79",""
"31/12/2022","00:17:37","GMT","LIME TECHNOLOGY LIMITED","Pre-approved Payment Bill User Payment","Completed","GBP","-2.84","0.00","-2.84","","-1,866.63",""
"31/12/2022","21:31:42","GMT","Uber Payments BV","Pre-approved Payment Bill User Payment","Completed","GBP","-21.73","0.00","-21.73","","-1,888.36",""
"31/12/2022","21:31:42","GMT","Uber Payments BV","General Authorisation","Completed","GBP","-21.73","0.00","-21.73","","-1,888.36",""
"01/01/2023","14:27:14","GMT","Patreon Ireland Limited","Pre-approved Payment Bill User Payment","Completed","GBP","-8.40","0.00","-8.40","","-1,896.76",""
"01/01/2023","22:13:30","GMT","Google","Pre-approved Payment Bill User Payment","Completed","GBP","-7.99","0.00","-7.99","","-1,904.75",""
"02/01/2023","05:30:59","GMT","Microsoft Payments Unlimited Company","Pre-approved Payment Bill User Payment","Completed","GBP","-7.99","0.00","-7.99","","-1,912.74",""
"02/01/2023","23:06:26","GMT","Google","Pre-approved Payment Bill User Payment","Completed","GBP","-21.99","0.00","-21.99","","-1,934.73",""
"03/01/2023","21:09:12","GMT","Adobe Systems Software Ireland LTD","Pre-approved Payment Bill User Payment","Completed","GBP","-51.98","0.00","-51.98","","-1,986.71",""
"03/01/2023","21:09:12","GMT","Adobe Systems Software Ireland LTD","General Authorisation","Completed","GBP","-51.98","0.00","-51.98","","-1,986.71",""
"03/01/2023","22:37:58","GMT","Google","Pre-approved Payment Bill User Payment","Completed","GBP","-4.99","0.00","-4.99","","-1,991.70",""
"03/01/2023","23:32:34","GMT","ECIGW LTD","Express Checkout Payment","Completed","GBP","-28.00","0.00","-28.00","","-2,019.70",""
"05/01/2023","18:39:32","GMT","Google","Pre-approved Payment Bill User Payment","Completed","GBP","-11.99","0.00","-11.99","","-2,031.69",""
"07/01/2023","03:22:55","GMT","NETFLIX SERVICES UK LIMITED","Pre-approved Payment Bill User Payment","Completed","GBP","-10.99","0.00","-10.99","","-2,042.68",""
"07/01/2023","20:05:37","GMT","LIME TECHNOLOGY LIMITED","Pre-approved Payment Bill User Payment","Completed","GBP","-2.61","0.00","-2.61","","-2,045.29",""
"09/01/2023","17:11:36","GMT","Canva Pty Limited","Pre-approved Payment Bill User Payment","Completed","GBP","-10.99","0.00","-10.99","","-2,056.28",""
"09/01/2023","17:11:36","GMT","Canva Pty Limited","General Authorisation","Completed","GBP","-10.99","0.00","-10.99","","-2,056.28",""
"11/01/2023","00:30:17","GMT","The Washington Post","Pre-approved Payment Bill User Payment","Completed","GBP","-2.00","0.00","-2.00","","-2,058.28",""
"11/01/2023","19:24:01","GMT","LIME TECHNOLOGY LIMITED","Pre-approved Payment Bill User Payment","Completed","GBP","-2.61","0.00","-2.61","","-2,060.89",""
"13/01/2023","17:04:26","GMT","Google","Pre-approved Payment Bill User Payment","Completed","GBP","-5.99","0.00","-5.99","","-2,066.88",""
"13/01/2023","22:48:10","GMT","JUSTEAT.CO.UK LTD","Express Checkout Payment","Completed","GBP","-10.48","0.00","-10.48","","-2,077.36",""
"13/01/2023","22:48:10","GMT","JUSTEAT.CO.UK LTD","General Authorisation","Completed","GBP","-10.48","0.00","-10.48","","-2,077.36",""
"14/01/2023","17:57:24","GMT","Uber Payments BV","Pre-approved Payment Bill User Payment","Completed","GBP","-17.69","0.00","-17.69","","-2,095.05",""
"14/01/2023","17:57:24","GMT","Uber Payments BV","General Authorisation","Completed","GBP","-17.69","0.00","-17.69","","-2,095.05",""
"14/01/2023","18:49:20","GMT","Google","Pre-approved Payment Bill User Payment","Completed","GBP","-2.50","0.00","-2.50","","-2,097.55",""
"18/01/2023","10:17:29","GMT","635 PayPal Lux","General Payment","Completed","GBP","-14.99","0.00","-14.99","","-2,112.54",""
"20/01/2023","17:04:37","GMT","Google","Pre-approved Payment Bill User Payment","Completed","GBP","-5.99","0.00","-5.99","","-2,118.53",""
"22/01/2023","18:06:02","GMT","SONY INTERACTIVE ENTERTAINMENT NETWORK EUROPE LIMITED","Pre-approved Payment Bill User Payment","Completed","GBP","-3.99","0.00","-3.99","","-2,122.52",""
"23/01/2023","17:28:28","GMT","LIME TECHNOLOGY LIMITED","Pre-approved Payment Bill User Payment","Completed","GBP","-3.99","0.00","-3.99","","-2,126.51",""
"23/01/2023","22:30:43","GMT","Uber Payments BV","Pre-approved Payment Bill User Payment","Completed","GBP","-18.76","0.00","-18.76","","-2,145.27",""
"23/01/2023","22:30:45","GMT","Uber Payments BV","Pre-approved Payment Bill User Payment","Completed","GBP","-2.00","0.00","-2.00","","-2,147.27",""
"23/01/2023","22:30:46","GMT","Uber Payments BV","Void of Authorisation","Reversed","GBP","-1.00","0.00","-1.00","","-2,147.27",""
"24/01/2023","02:10:19","GMT","Google","Pre-approved Payment Bill User Payment","Completed","GBP","-1.59","0.00","-1.59","","-2,148.86",""
"27/01/2023","00:49:17","GMT","JUSTEAT.CO.UK LTD","Express Checkout Payment","Completed","GBP","-10.65","0.00","-10.65","","-2,159.51",""
"27/01/2023","00:49:17","GMT","JUSTEAT.CO.UK LTD","General Authorisation","Completed","GBP","-10.65","0.00","-10.65","","-2,159.51",""
"27/01/2023","17:04:41","GMT","Google","Pre-approved Payment Bill User Payment","Completed","GBP","-5.99","0.00","-5.99","","-2,165.50",""
"28/01/2023","09:59:23","GMT","635 PayPal Lux","General Payment","Completed","GBP","-24.50","0.00","-24.50","","-2,190.00",""
"29/01/2023","02:44:08","GMT","JUSTEAT.CO.UK LTD","Express Checkout Payment","Completed","GBP","-23.10","0.00","-23.10","","-2,213.10",""
"29/01/2023","02:44:08","GMT","JUSTEAT.CO.UK LTD","General Authorisation","Completed","GBP","-23.10","0.00","-23.10","","-2,213.10",""
"30/01/2023","11:20:30","GMT","Adobe Systems Software Ireland LTD","Pre-approved Payment Bill User Payment","Completed","GBP","-30.34","0.00","-30.34","","-2,243.44",""
"30/01/2023","11:20:30","GMT","Adobe Systems Software Ireland LTD","General Authorisation","Completed","GBP","-30.34","0.00","-30.34","","-2,243.44",""
"01/02/2023","11:37:06","GMT","Patreon Ireland Limited","Pre-approved Payment Bill User Payment","Completed","GBP","-8.40","0.00","-8.40","","-2,251.84",""
"02/02/2023","09:04:53","GMT","Microsoft Payments Unlimited Company","Pre-approved Payment Bill User Payment","Completed","GBP","-7.99","0.00","-7.99","","-2,259.83",""
"03/02/2023","14:31:39","GMT","Adobe Systems Software Ireland LTD","Pre-approved Payment Bill User Payment","Completed","GBP","-51.98","0.00","-51.98","","-2,311.81",""
"03/02/2023","14:31:39","GMT","Adobe Systems Software Ireland LTD","General Authorisation","Completed","GBP","-51.98","0.00","-51.98","","-2,311.81",""
"03/02/2023","16:28:59","GMT","ECIGW LTD","Express Checkout Payment","Completed","GBP","-28.00","0.00","-28.00","","-2,339.81",""
"03/02/2023","17:04:36","GMT","Google","Pre-approved Payment Bill User Payment","Completed","GBP","-5.99","0.00","-5.99","","-2,345.80",""
"03/02/2023","22:37:57","GMT","Google","Pre-approved Payment Bill User Payment","Completed","GBP","-4.99","0.00","-4.99","","-2,350.79",""
"05/02/2023","18:39:32","GMT","Google","Pre-approved Payment Bill User Payment","Completed","GBP","-11.99","0.00","-11.99","","-2,362.78",""
"07/02/2023","03:11:18","GMT","NETFLIX SERVICES UK LIMITED","Pre-approved Payment Bill User Payment","Completed","GBP","-10.99","0.00","-10.99","","-2,373.77",""
"08/02/2023","00:29:31","GMT","The Washington Post","Pre-approved Payment Bill User Payment","Completed","GBP","-2.00","0.00","-2.00","","-2,375.77",""
"09/02/2023","17:16:31","GMT","Canva Pty Limited","Pre-approved Payment Bill User Payment","Completed","GBP","-10.99","0.00","-10.99","","-2,386.76",""
"09/02/2023","17:16:31","GMT","Canva Pty Limited","General Authorisation","Completed","GBP","-10.99","0.00","-10.99","","-2,386.76",""
"09/02/2023","22:44:00","GMT","Google","Pre-approved Payment Bill User Payment","Completed","GBP","-7.99","0.00","-7.99","","-2,394.75",""
"09/02/2023","23:42:40","GMT","JUSTEAT.CO.UK LTD","Express Checkout Payment","Completed","GBP","-11.15","0.00","-11.15","","-2,405.90",""
"09/02/2023","23:42:40","GMT","JUSTEAT.CO.UK LTD","General Authorisation","Completed","GBP","-11.15","0.00","-11.15","","-2,405.90",""
"10/02/2023","15:58:44","GMT","Google","Pre-approved Payment Bill User Payment","Completed","GBP","-0.99","0.00","-0.99","","-2,406.89",""
"10/02/2023","17:04:25","GMT","Google","Pre-approved Payment Bill User Payment","Completed","GBP","-5.99","0.00","-5.99","","-2,412.88",""
"10/02/2023","20:11:24","GMT","Uber Payments BV","Pre-approved Payment Bill User Payment","Completed","GBP","-44.08","0.00","-44.08","","-2,456.96",""
"10/02/2023","20:11:24","GMT","Uber Payments BV","General Authorisation","Completed","GBP","-44.08","0.00","-44.08","","-2,456.96",""
"11/02/2023","17:11:03","GMT","WordPress.com","Express Checkout Payment","Completed","GBP","-100.80","0.00","-100.80","","-2,557.76",""
"12/02/2023","13:17:57","GMT","Google","Pre-approved Payment Bill User Payment","Completed","GBP","-11.99","0.00","-11.99","","-2,569.75",""
"12/02/2023","18:42:55","GMT","WordPress.com","Express Checkout Payment","Completed","GBP","-187.20","0.00","-187.20","","-2,756.95",""
"13/02/2023","19:21:21","GMT","Google","Pre-approved Payment Bill User Payment","Completed","GBP","-3.90","0.00","-3.90","","-2,760.85",""
"14/02/2023","23:23:59","GMT","JUSTEAT.CO.UK LTD","Express Checkout Payment","Completed","GBP","-13.26","0.00","-13.26","","-2,774.11",""
"14/02/2023","23:23:59","GMT","JUSTEAT.CO.UK LTD","General Authorisation","Completed","GBP","-13.26","0.00","-13.26","","-2,774.11",""
"17/02/2023","17:04:24","GMT","Google","Pre-approved Payment Bill User Payment","Completed","GBP","-12.99","0.00","-12.99","","-2,787.10",""
"17/02/2023","18:59:00","GMT","Uber Payments BV","Pre-approved Payment Bill User Payment","Completed","GBP","-15.82","0.00","-15.82","","-2,802.92",""
"17/02/2023","18:59:00","GMT","Uber Payments BV","General Authorisation","Completed","GBP","-17.26","0.00","-17.26","","-2,802.92",""
"19/02/2023","22:11:53","GMT","LIME TECHNOLOGY LIMITED","Pre-approved Payment Bill User Payment","Completed","GBP","-4.45","0.00","-4.45","","-2,807.37",""
"22/02/2023","18:05:51","GMT","SONY INTERACTIVE ENTERTAINMENT NETWORK EUROPE LIMITED","Pre-approved Payment Bill User Payment","Completed","GBP","-3.99","0.00","-3.99","","-2,811.36",""
"22/02/2023","20:37:12","GMT","Brainstorm Force US LLC","Express Checkout Payment","Completed","USD","-47.00","0.00","-47.00","","-47.00",""
"22/02/2023","20:37:12","GMT","","General Currency Conversion","Completed","GBP","-40.85","0.00","-40.85","","-2,852.21",""
"22/02/2023","20:37:12","GMT","","General Currency Conversion","Completed","USD","47.00","0.00","47.00","","0.00",""
"22/02/2023","21:06:24","GMT","WordPress.com","Payment Refund","Completed","GBP","81.60","0.00","81.60","","-2,770.61",""
"22/02/2023","21:06:27","GMT","WordPress.com","Payment Refund","Completed","GBP","187.20","0.00","187.20","","-2,583.41",""
"22/02/2023","21:06:45","GMT","","General Withdrawal","Completed","GBP","-187.20","0.00","-187.20","","-2,583.41",""
"22/02/2023","21:06:49","GMT","","General Withdrawal","Completed","GBP","-81.60","0.00","-81.60","","-2,583.41",""
"23/02/2023","10:59:38","GMT","Uber Payments BV","Pre-approved Payment Bill User Payment","Completed","GBP","-16.89","0.00","-16.89","","-2,600.30",""
"23/02/2023","10:59:38","GMT","Uber Payments BV","General Authorisation","Completed","GBP","-18.64","0.00","-18.64","","-2,600.30",""
"24/02/2023","02:10:17","GMT","Google","Pre-approved Payment Bill User Payment","Completed","GBP","-1.59","0.00","-1.59","","-2,601.89",""
"24/02/2023","17:04:23","GMT","Google","Pre-approved Payment Bill User Payment","Completed","GBP","-12.99","0.00","-12.99","","-2,614.88",""
"24/02/2023","17:45:43","GMT","www.steampowered.com","Pre-approved Payment Bill User Payment","Completed","GBP","-49.99","0.00","-49.99","","-2,664.87",""
"25/02/2023","21:24:34","GMT","Uber Payments BV","Pre-approved Payment Bill User Payment","Completed","GBP","-6.94","0.00","-6.94","","-2,671.81",""
"25/02/2023","21:24:37","GMT","Uber Payments BV","Void of Authorisation","Reversed","GBP","-1.00","0.00","-1.00","","-2,671.81",""
"27/02/2023","11:19:09","GMT","Adobe Systems Software Ireland LTD","Pre-approved Payment Bill User Payment","Completed","GBP","-30.34","0.00","-30.34","","-2,702.15",""
"27/02/2023","11:19:09","GMT","Adobe Systems Software Ireland LTD","General Authorisation","Completed","GBP","-30.34","0.00","-30.34","","-2,702.15",""
"01/03/2023","01:29:08","GMT","JUSTEAT.CO.UK LTD","Express Checkout Payment","Completed","GBP","-13.20","0.00","-13.20","","-2,715.35",""
"01/03/2023","01:29:08","GMT","JUSTEAT.CO.UK LTD","General Authorisation","Completed","GBP","-13.20","0.00","-13.20","","-2,715.35",""
"01/03/2023","08:22:41","GMT","LIME TECHNOLOGY LIMITED","Pre-approved Payment Bill User Payment","Completed","GBP","-2.61","0.00","-2.61","","-2,717.96",""
"01/03/2023","11:01:30","GMT","Patreon Ireland Limited","Pre-approved Payment Bill User Payment","Completed","GBP","-8.40","0.00","-8.40","","-2,726.36",""
"02/03/2023","03:01:37","GMT","Microsoft Payments Unlimited Company","Pre-approved Payment Bill User Payment","Completed","GBP","-7.99","0.00","-7.99","","-2,734.35",""
"03/03/2023","15:34:08","GMT","Adobe Systems Software Ireland LTD","Pre-approved Payment Bill User Payment","Completed","GBP","-51.98","0.00","-51.98","","-2,786.33",""
"03/03/2023","15:34:08","GMT","Adobe Systems Software Ireland LTD","General Authorisation","Completed","GBP","-51.98","0.00","-51.98","","-2,786.33",""
"03/03/2023","17:04:24","GMT","Google","Pre-approved Payment Bill User Payment","Completed","GBP","-12.99","0.00","-12.99","","-2,799.32",""
"03/03/2023","22:37:56","GMT","Google","Pre-approved Payment Bill User Payment","Completed","GBP","-4.99","0.00","-4.99","","-2,804.31",""
"05/03/2023","17:22:24","GMT","Bluehost.com","Express Checkout Payment","Completed","GBP","-119.00","0.00","-119.00","","-2,923.31",""
"05/03/2023","18:39:32","GMT","Google","Pre-approved Payment Bill User Payment","Completed","GBP","-11.99","0.00","-11.99","","-2,935.30",""
"07/03/2023","03:51:59","GMT","NETFLIX SERVICES UK LIMITED","Pre-approved Payment Bill User Payment","Completed","GBP","-10.99","0.00","-10.99","","-2,946.29",""
"08/03/2023","00:29:11","GMT","The Washington Post","Pre-approved Payment Bill User Payment","Completed","GBP","-2.00","0.00","-2.00","","-2,948.29",""
"09/03/2023","17:12:07","GMT","Canva Pty Limited","Pre-approved Payment Bill User Payment","Completed","GBP","-10.99","0.00","-10.99","","-2,959.28",""
"09/03/2023","17:12:07","GMT","Canva Pty Limited","General Authorisation","Completed","GBP","-10.99","0.00","-10.99","","-2,959.28",""
"10/03/2023","16:54:27","GMT","Google","Pre-approved Payment Bill User Payment","Completed","GBP","-11.99","0.00","-11.99","","-2,971.27",""
"10/03/2023","17:04:24","GMT","Google","Pre-approved Payment Bill User Payment","Completed","GBP","-12.99","0.00","-12.99","","-2,984.26",""
"10/03/2023","19:07:10","GMT","Uber Payments BV","Pre-approved Payment Bill User Payment","Completed","GBP","-22.50","0.00","-22.50","","-3,006.76",""
"10/03/2023","19:07:10","GMT","Uber Payments BV","General Authorisation","Completed","GBP","-22.50","0.00","-22.50","","-3,006.76",""
"11/03/2023","15:58:50","GMT","Google","Pre-approved Payment Bill User Payment","Completed","GBP","-7.99","0.00","-7.99","","-3,014.75",""
"11/03/2023","17:58:12","GMT","Google","Pre-approved Payment Bill User Payment","Completed","GBP","-11.99","0.00","-11.99","","-3,026.74",""
"14/03/2023","00:10:41","GMT","Google","Pre-approved Payment Bill User Payment","Completed","GBP","-7.99","0.00","-7.99","","-3,034.73",""
"14/03/2023","01:40:17","GMT","AIRBNB PAYMENTS UK LIMITED","Pre-approved Payment Bill User Payment","Completed","GBP","-243.30","0.00","-243.30","","-3,278.03",""
"15/03/2023","23:59:54","GMT","ECIGW LTD","Express Checkout Payment","Completed","GBP","-28.00","0.00","-28.00","","-3,306.03",""
"16/03/2023","23:54:02","GMT","AIRBNB PAYMENTS UK LIMITED","Payment Refund","Completed","GBP","243.30","0.00","243.30","","-3,062.73",""
"17/03/2023","00:08:58","GMT","Booking.com BV","Express Checkout Payment","Completed","GBP","-292.68","0.00","-292.68","","-3,355.41",""
"17/03/2023","00:08:58","GMT","","PayPal Buyer Credit Payment Funding","Completed","GBP","292.68","0.00","292.68","","-3,062.73",""
"17/03/2023","01:36:22","GMT","AIRBNB PAYMENTS UK LIMITED","Pre-approved Payment Bill User Payment","Completed","GBP","-199.93","0.00","-199.93","","-3,262.66",""
"17/03/2023","03:30:36","GMT","Booking.com BV","Payment Refund","Completed","GBP","288.08","0.00","288.08","","-2,974.58",""
"17/03/2023","03:30:36","GMT","","General Buyer Credit Payment","Completed","GBP","-288.08","0.00","-288.08","","-3,262.66",""
"17/03/2023","03:30:40","GMT","Booking.com BV","Payment Refund","Completed","GBP","4.60","0.00","4.60","","-3,258.06",""
"17/03/2023","03:30:40","GMT","","General Buyer Credit Payment","Completed","GBP","-4.60","0.00","-4.60","","-3,262.66",""
"17/03/2023","17:04:39","GMT","Google","Pre-approved Payment Bill User Payment","Completed","GBP","-12.99","0.00","-12.99","","-3,275.65",""
"17/03/2023","22:14:13","GMT","Google","Pre-approved Payment Bill User Payment","Completed","GBP","-11.99","0.00","-11.99","","-3,287.64",""
"18/03/2023","00:09:38","GMT","635 PayPal Lux","Void of Authorisation","Reversed","GBP","-97.56","0.00","-97.56","","-3,287.64",""
"19/03/2023","12:52:48","GMT","Google","Pre-approved Payment Bill User Payment","Completed","GBP","-7.99","0.00","-7.99","","-3,295.63",""
"19/03/2023","19:07:59","GMT","Google","Pre-approved Payment Bill User Payment","Completed","GBP","-31.99","0.00","-31.99","","-3,327.62",""
"19/03/2023","19:22:28","GMT","Google","Pre-approved Payment Bill User Payment","Completed","GBP","-19.99","0.00","-19.99","","-3,347.61",""
"20/03/2023","13:42:49","GMT","Google","Pre-approved Payment Bill User Payment","Completed","GBP","-18.49","0.00","-18.49","","-3,366.10",""
"21/03/2023","11:05:56","GMT","","General Withdrawal","Completed","GBP","-243.30","0.00","-243.30","","-3,366.10",""
"21/03/2023","15:26:48","GMT","Google","Pre-approved Payment Bill User Payment","Completed","GBP","-7.99","0.00","-7.99","","-3,374.09",""
"21/03/2023","16:00:11","GMT","Grammarly.com","Pre-approved Payment Bill User Payment","Completed","USD","-139.95","0.00","-139.95","","-139.95",""
"21/03/2023","16:00:11","GMT","","General Currency Conversion","Completed","GBP","-119.86","0.00","-119.86","","-3,493.95",""
"21/03/2023","16:00:11","GMT","","General Currency Conversion","Completed","USD","139.95","0.00","139.95","","0.00",""
"21/03/2023","16:00:11","GMT","Grammarly.com","General Authorisation","Completed","USD","-139.95","0.00","-139.95","","0.00",""
"22/03/2023","14:08:20","GMT","Google","Payment Refund","Completed","GBP","7.99","0.00","7.99","","-3,485.96",""
"22/03/2023","14:08:47","GMT","","General Withdrawal","Completed","GBP","-7.99","0.00","-7.99","","-3,485.96",""
"22/03/2023","15:34:17","GMT","Google","Pre-approved Payment Bill User Payment","Completed","GBP","-7.99","0.00","-7.99","","-3,493.95",""
"22/03/2023","15:34:43","GMT","Google","Pre-approved Payment Bill User Payment","Completed","GBP","-7.99","0.00","-7.99","","-3,501.94",""
"22/03/2023","17:59:06","GMT","mytaxi Iberia SL","Void of Authorisation","Reversed","EUR","-10.00","0.00","-10.00","","0.00",""
"22/03/2023","18:06:00","GMT","SONY INTERACTIVE ENTERTAINMENT NETWORK EUROPE LIMITED","Pre-approved Payment Bill User Payment","Completed","GBP","-3.99","0.00","-3.99","","-3,505.93",""
"23/03/2023","15:45:38","GMT","Google","Pre-approved Payment Bill User Payment","Completed","GBP","-7.99","0.00","-7.99","","-3,513.92",""
"23/03/2023","18:57:53","GMT","Google","Pre-approved Payment Bill User Payment","Completed","GBP","-28.49","0.00","-28.49","","-3,542.41",""
"24/03/2023","02:10:19","GMT","Google","Pre-approved Payment Bill User Payment","Completed","GBP","-1.59","0.00","-1.59","","-3,544.00",""
"24/03/2023","08:50:57","GMT","GetYourGuide Deutschland GmbH","Express Checkout Payment","Completed","GBP","-49.37","0.00","-49.37","","-3,593.37",""
"24/03/2023","08:50:57","GMT","","PayPal Buyer Credit Payment Funding","Completed","GBP","49.37","0.00","49.37","","-3,544.00",""
"24/03/2023","16:57:37","GMT","Google","Pre-approved Payment Bill User Payment","Completed","GBP","-5.99","0.00","-5.99","","-3,549.99",""
"24/03/2023","17:04:23","GMT","Google","Pre-approved Payment Bill User Payment","Completed","GBP","-12.99","0.00","-12.99","","-3,562.98",""
"25/03/2023","08:45:28","GMT","635 PayPal Lux","General Payment","Completed","GBP","-16.46","0.00","-16.46","","-3,579.44",""
"25/03/2023","08:45:28","GMT","635 PayPal Lux","General Authorisation","Completed","GBP","-16.46","0.00","-16.46","","-3,579.44",""
"26/03/2023","15:15:40","BST","CAVU ECOMMERCE (EMEA) LIMITED","Express Checkout Payment","Completed","GBP","-15.00","0.00","-15.00","","-3,594.44",""
"30/03/2023","11:07:32","BST","Adobe Systems Software Ireland LTD","Pre-approved Payment Bill User Payment","Completed","GBP","-30.34","0.00","-30.34","","-3,624.78",""
"30/03/2023","11:07:32","BST","Adobe Systems Software Ireland LTD","General Authorisation","Completed","GBP","-30.34","0.00","-30.34","","-3,624.78",""
"30/03/2023","20:41:10","BST","Google","Pre-approved Payment Bill User Payment","Completed","GBP","-23.99","0.00","-23.99","","-3,648.77",""
"31/03/2023","18:04:24","BST","Google","Pre-approved Payment Bill User Payment","Completed","GBP","-12.99","0.00","-12.99","","-3,661.76",""
"01/04/2023","11:16:32","BST","Patreon Ireland Limited","Pre-approved Payment Bill User Payment","Completed","GBP","-8.40","0.00","-8.40","","-3,670.16",""
"02/04/2023","07:14:46","BST","Microsoft Payments Unlimited Company","Pre-approved Payment Bill User Payment","Completed","GBP","-7.99","0.00","-7.99","","-3,678.15",""
"03/04/2023","16:14:26","BST","Uber Payments BV","Pre-approved Payment Bill User Payment","Completed","GBP","-16.63","0.00","-16.63","","-3,694.78",""
"03/04/2023","16:14:26","BST","Uber Payments BV","General Authorisation","Completed","GBP","-16.63","0.00","-16.63","","-3,694.78",""
"03/04/2023","16:19:50","BST","Adobe Systems Software Ireland LTD","Pre-approved Payment Bill User Payment","Completed","GBP","-51.98","0.00","-51.98","","-3,746.76",""
"03/04/2023","16:19:50","BST","Adobe Systems Software Ireland LTD","General Authorisation","Completed","GBP","-51.98","0.00","-51.98","","-3,746.76",""
"03/04/2023","23:37:58","BST","Google","Pre-approved Payment Bill User Payment","Completed","GBP","-4.99","0.00","-4.99","","-3,751.75",""
"04/04/2023","19:21:58","BST","LIME TECHNOLOGY LIMITED","Pre-approved Payment Bill User Payment","Completed","GBP","-3.76","0.00","-3.76","","-3,755.51",""
"05/04/2023","00:29:11","BST","The Washington Post","Pre-approved Payment Bill User Payment","Completed","GBP","-6.00","0.00","-6.00","","-3,761.51",""
"05/04/2023","18:39:32","BST","Google","Pre-approved Payment Bill User Payment","Completed","GBP","-11.99","0.00","-11.99","","-3,773.50",""
"05/04/2023","20:43:09","BST","Uber Payments BV","Void of Authorisation","Reversed","GBP","-1.00","0.00","-1.00","","-3,773.50",""
"07/04/2023","06:22:46","BST","NETFLIX SERVICES UK LIMITED","Pre-approved Payment Bill User Payment","Completed","GBP","-10.99","0.00","-10.99","","-3,784.49",""
"07/04/2023","18:04:24","BST","Google","Pre-approved Payment Bill User Payment","Completed","GBP","-12.99","0.00","-12.99","","-3,797.48",""
"08/04/2023","11:36:50","BST","LIME TECHNOLOGY LIMITED","Pre-approved Payment Bill User Payment","Completed","GBP","-5.14","0.00","-5.14","","-3,802.62",""
"08/04/2023","13:34:22","BST","LIME TECHNOLOGY LIMITED","Pre-approved Payment Bill User Payment","Completed","GBP","-6.06","0.00","-6.06","","-3,808.68",""
"09/04/2023","18:11:01","BST","Canva Pty Limited","Pre-approved Payment Bill User Payment","Completed","GBP","-10.99","0.00","-10.99","","-3,819.67",""
"09/04/2023","18:11:01","BST","Canva Pty Limited","General Authorisation","Completed","GBP","-10.99","0.00","-10.99","","-3,819.67",""
"10/04/2023","02:43:49","BST","JUSTEAT.CO.UK LTD","Express Checkout Payment","Completed","GBP","-18.74","0.00","-18.74","","-3,838.41",""
"10/04/2023","02:43:49","BST","JUSTEAT.CO.UK LTD","General Authorisation","Completed","GBP","-18.74","0.00","-18.74","","-3,838.41",""
"11/04/2023","17:01:07","BST","Google","Pre-approved Payment Bill User Payment","Completed","GBP","-11.99","0.00","-11.99","","-3,850.40",""
"14/04/2023","18:04:34","BST","Google","Pre-approved Payment Bill User Payment","Completed","GBP","-12.99","0.00","-12.99","","-3,863.39",""
"19/04/2023","20:07:57","BST","Google","Pre-approved Payment Bill User Payment","Completed","GBP","-31.99","0.00","-31.99","","-3,895.38",""
"21/04/2023","18:04:24","BST","Google","Pre-approved Payment Bill User Payment","Completed","GBP","-12.99","0.00","-12.99","","-3,908.37",""
"22/04/2023","19:05:50","BST","SONY INTERACTIVE ENTERTAINMENT NETWORK EUROPE LIMITED","Pre-approved Payment Bill User Payment","Completed","GBP","-3.99","0.00","-3.99","","-3,912.36",""
"24/04/2023","03:10:19","BST","Google","Pre-approved Payment Bill User Payment","Completed","GBP","-1.59","0.00","-1.59","","-3,913.95",""
"24/04/2023","05:56:10","BST","635 PayPal Lux","General Payment","Completed","GBP","-16.46","0.00","-16.46","","-3,930.41",""
"26/04/2023","01:06:54","BST","JUSTEAT.CO.UK LTD","Express Checkout Payment","Completed","GBP","-15.93","0.00","-15.93","","-3,946.34",""
"26/04/2023","01:06:54","BST","JUSTEAT.CO.UK LTD","General Authorisation","Completed","GBP","-15.93","0.00","-15.93","","-3,946.34",""
"27/04/2023","23:55:44","BST","Sky UK Limited","Void of Authorisation","Reversed","GBP","-1.00","0.00","-1.00","","-3,946.34",""
"27/04/2023","23:55:53","BST","Sky UK Limited","Pre-approved Payment Bill User Payment","Completed","GBP","-9.99","0.00","-9.99","","-3,956.33",""
"27/04/2023","23:55:53","BST","Sky UK Limited","General Authorisation","Completed","GBP","-9.99","0.00","-9.99","","-3,956.33",""
"28/04/2023","18:04:25","BST","Google","Pre-approved Payment Bill User Payment","Completed","GBP","-12.99","0.00","-12.99","","-3,969.32",""
"29/04/2023","10:30:09","BST","Adobe Systems Software Ireland LTD","Pre-approved Payment Bill User Payment","Completed","GBP","-30.34","0.00","-30.34","","-3,999.66",""
"29/04/2023","10:30:09","BST","Adobe Systems Software Ireland LTD","General Authorisation","Completed","GBP","-30.34","0.00","-30.34","","-3,999.66",""
"29/04/2023","18:19:02","BST","Google","Pre-approved Payment Bill User Payment","Completed","GBP","-11.99","0.00","-11.99","","-4,011.65",""
"30/04/2023","19:41:58","BST","LIME TECHNOLOGY LIMITED","Pre-approved Payment Bill User Payment","Completed","GBP","-3.99","0.00","-3.99","","-4,015.64",""
"01/05/2023","02:19:24","BST","McDonalds 109","Website Payment","Completed","GBP","-11.98","0.00","-11.98","","-4,027.62",""
"01/05/2023","02:19:24","BST","McDonalds 109","General Authorisation","Completed","GBP","-11.98","0.00","-11.98","","-4,027.62",""
"01/05/2023","10:26:47","BST","Patreon Ireland Limited","Pre-approved Payment Bill User Payment","Completed","GBP","-8.40","0.00","-8.40","","-4,036.02",""
"02/05/2023","08:45:23","BST","Microsoft Payments Unlimited Company","Pre-approved Payment Bill User Payment","Completed","GBP","-7.99","0.00","-7.99","","-4,044.01",""
"03/05/2023","00:29:21","BST","The Washington Post","Pre-approved Payment Bill User Payment","Completed","GBP","-6.00","0.00","-6.00","","-4,050.01",""
"03/05/2023","15:54:17","BST","Adobe Systems Software Ireland LTD","Pre-approved Payment Bill User Payment","Completed","GBP","-51.98","0.00","-51.98","","-4,101.99",""
"03/05/2023","15:54:17","BST","Adobe Systems Software Ireland LTD","General Authorisation","Completed","GBP","-51.98","0.00","-51.98","","-4,101.99",""
"03/05/2023","23:37:57","BST","Google","Pre-approved Payment Bill User Payment","Completed","GBP","-4.99","0.00","-4.99","","-4,106.98",""
"05/05/2023","18:04:25","BST","Google","Pre-approved Payment Bill User Payment","Completed","GBP","-12.99","0.00","-12.99","","-4,119.97",""
"05/05/2023","18:39:32","BST","Google","Pre-approved Payment Bill User Payment","Completed","GBP","-11.99","0.00","-11.99","","-4,131.96",""
"06/05/2023","12:32:02","BST","National Express Ltd","Express Checkout Payment","Completed","GBP","-22.80","0.00","-22.80","","-4,154.76",""
"06/05/2023","23:02:34","BST","LIME TECHNOLOGY LIMITED","Pre-approved Payment Bill User Payment","Completed","GBP","-3.76","0.00","-3.76","","-4,158.52",""
"07/05/2023","03:47:04","BST","NETFLIX SERVICES UK LIMITED","Pre-approved Payment Bill User Payment","Completed","GBP","-10.99","0.00","-10.99","","-4,169.51",""
"07/05/2023","20:27:21","BST","Uber Payments BV","Pre-approved Payment Bill User Payment","Completed","GBP","-22.90","0.00","-22.90","","-4,192.41",""
"07/05/2023","20:27:24","BST","Uber Payments BV","Void of Authorisation","Reversed","GBP","-1.00","0.00","-1.00","","-4,192.41",""
"08/05/2023","19:36:57","BST","Uber Payments BV","Pre-approved Payment Bill User Payment","Completed","GBP","-6.98","0.00","-6.98","","-4,199.39",""
"08/05/2023","19:37:00","BST","Uber Payments BV","Void of Authorisation","Reversed","GBP","-1.00","0.00","-1.00","","-4,199.39",""
"09/05/2023","18:11:20","BST","Canva Pty Limited","Pre-approved Payment Bill User Payment","Completed","GBP","-10.99","0.00","-10.99","","-4,210.38",""
"09/05/2023","18:11:20","BST","Canva Pty Limited","General Authorisation","Completed","GBP","-10.99","0.00","-10.99","","-4,210.38",""
"11/05/2023","17:01:09","BST","Google","Pre-approved Payment Bill User Payment","Completed","GBP","-11.99","0.00","-11.99","","-4,222.37",""
"12/05/2023","01:29:52","BST","Uber Payments BV","Pre-approved Payment Bill User Payment","Completed","GBP","-5.41","0.00","-5.41","","-4,227.78",""
"12/05/2023","01:29:54","BST","Uber Payments BV","Void of Authorisation","Reversed","GBP","-1.00","0.00","-1.00","","-4,227.78",""
"12/05/2023","01:59:18","BST","Uber Payments BV","Pre-approved Payment Bill User Payment","Completed","GBP","-7.90","0.00","-7.90","","-4,235.68",""
"12/05/2023","01:59:21","BST","Uber Payments BV","Void of Authorisation","Reversed","GBP","-1.00","0.00","-1.00","","-4,235.68",""
"12/05/2023","11:57:35","BST","Google","Pre-approved Payment Bill User Payment","Completed","GBP","-8.99","0.00","-8.99","","-4,244.67",""
"12/05/2023","11:59:09","BST","Google","Pre-approved Payment Bill User Payment","Completed","GBP","-11.99","0.00","-11.99","","-4,256.66",""
"12/05/2023","18:04:23","BST","Google","Pre-approved Payment Bill User Payment","Completed","GBP","-12.99","0.00","-12.99","","-4,269.65",""
"13/05/2023","20:39:09","BST","Uber Payments BV","Pre-approved Payment Bill User Payment","Completed","GBP","-5.57","0.00","-5.57","","-4,275.22",""
"13/05/2023","20:39:12","BST","Uber Payments BV","Void of Authorisation","Reversed","GBP","-1.00","0.00","-1.00","","-4,275.22",""
"15/05/2023","00:01:13","BST","JUSTEAT.CO.UK LTD","Express Checkout Payment","Completed","GBP","-28.95","0.00","-28.95","","-4,304.17",""
"15/05/2023","00:01:13","BST","JUSTEAT.CO.UK LTD","General Authorisation","Completed","GBP","-28.95","0.00","-28.95","","-4,304.17",""
"15/05/2023","18:18:15","BST","Uber Payments BV","Pre-approved Payment Bill User Payment","Completed","GBP","-24.99","0.00","-24.99","","-4,329.16",""
"15/05/2023","18:18:19","BST","Uber Payments BV","Void of Authorisation","Reversed","GBP","-1.00","0.00","-1.00","","-4,329.16",""
"15/05/2023","23:26:53","BST","Uber Payments BV","Pre-approved Payment Bill User Payment","Completed","GBP","-1.00","0.00","-1.00","","-4,330.16",""
"15/05/2023","23:38:26","BST","Uber Payments BV","Pre-approved Payment Bill User Payment","Completed","GBP","-7.90","0.00","-7.90","","-4,338.06",""
"15/05/2023","23:38:29","BST","Uber Payments BV","Void of Authorisation","Reversed","GBP","-1.00","0.00","-1.00","","-4,338.06",""
"18/05/2023","01:02:21","BST","JUSTEAT.CO.UK LTD","Express Checkout Payment","Completed","GBP","-15.89","0.00","-15.89","","-4,353.95",""
"18/05/2023","01:02:21","BST","JUSTEAT.CO.UK LTD","General Authorisation","Completed","GBP","-15.89","0.00","-15.89","","-4,353.95",""
"19/05/2023","18:04:23","BST","Google","Pre-approved Payment Bill User Payment","Completed","GBP","-12.99","0.00","-12.99","","-4,366.94",""
"19/05/2023","20:07:57","BST","Google","Pre-approved Payment Bill User Payment","Completed","GBP","-31.99","0.00","-31.99","","-4,398.93",""
"22/05/2023","19:05:50","BST","SONY INTERACTIVE ENTERTAINMENT NETWORK EUROPE LIMITED","Pre-approved Payment Bill User Payment","Completed","GBP","-3.99","0.00","-3.99","","-4,402.92",""
"23/05/2023","18:35:22","BST","LIME TECHNOLOGY LIMITED","Pre-approved Payment Bill User Payment","Completed","GBP","-5.14","0.00","-5.14","","-4,408.06",""
"24/05/2023","03:10:20","BST","Google","Pre-approved Payment Bill User Payment","Completed","GBP","-1.59","0.00","-1.59","","-4,409.65",""
"24/05/2023","05:57:16","BST","635 PayPal Lux","General Payment","Completed","GBP","-16.45","0.00","-16.45","","-4,426.10",""
"26/05/2023","18:04:25","BST","Google","Pre-approved Payment Bill User Payment","Completed","GBP","-12.99","0.00","-12.99","","-4,439.09",""
"26/05/2023","21:23:43","BST","Uber Payments BV","Pre-approved Payment Bill User Payment","Completed","GBP","-31.04","0.00","-31.04","","-4,470.13",""
"26/05/2023","21:23:43","BST","Uber Payments BV","General Authorisation","Completed","GBP","-29.75","0.00","-29.75","","-4,470.13",""
"27/05/2023","20:25:39","BST","LIME TECHNOLOGY LIMITED","Pre-approved Payment Bill User Payment","Completed","GBP","-2.75","0.00","-2.75","","-4,472.88",""
"28/05/2023","08:25:33","BST","Sky UK Limited","Pre-approved Payment Bill User Payment","Completed","GBP","-9.99","0.00","-9.99","","-4,482.87",""
"28/05/2023","08:25:33","BST","Sky UK Limited","General Authorisation","Completed","GBP","-9.99","0.00","-9.99","","-4,482.87",""
"29/05/2023","08:13:58","BST","Sky UK Limited","Pre-approved Payment Bill User Payment","Completed","GBP","-6.00","0.00","-6.00","","-4,488.87",""
"29/05/2023","08:13:58","BST","Sky UK Limited","General Authorisation","Completed","GBP","-6.00","0.00","-6.00","","-4,488.87",""
"30/05/2023","11:27:24","BST","Adobe Systems Software Ireland LTD","Pre-approved Payment Bill User Payment","Completed","GBP","-30.34","0.00","-30.34","","-4,519.21",""
"30/05/2023","11:27:24","BST","Adobe Systems Software Ireland LTD","General Authorisation","Completed","GBP","-30.34","0.00","-30.34","","-4,519.21",""
"31/05/2023","00:28:45","BST","The Washington Post","Pre-approved Payment Bill User Payment","Completed","GBP","-6.00","0.00","-6.00","","-4,525.21",""
"31/05/2023","19:03:04","BST","LIME TECHNOLOGY LIMITED","Pre-approved Payment Bill User Payment","Completed","GBP","-6.52","0.00","-6.52","","-4,531.73",""
"01/06/2023","11:18:59","BST","Patreon Ireland Limited","Pre-approved Payment Bill User Payment","Completed","GBP","-8.40","0.00","-8.40","","-4,540.13",""
"02/06/2023","05:14:43","BST","Microsoft Payments Unlimited Company","Pre-approved Payment Bill User Payment","Completed","GBP","-7.99","0.00","-7.99","","-4,548.12",""
"02/06/2023","18:04:25","BST","Google","Pre-approved Payment Bill User Payment","Completed","GBP","-12.99","0.00","-12.99","","-4,561.11",""
"03/06/2023","12:11:08","BST","Eventbrite UK Limited","Express Checkout Payment","Completed","GBP","-10.00","0.00","-10.00","","-4,571.11",""
"03/06/2023","23:37:58","BST","Google","Pre-approved Payment Bill User Payment","Completed","GBP","-4.99","0.00","-4.99","","-4,576.10",""
"04/06/2023","01:37:40","BST","Adobe Systems Software Ireland LTD","Pre-approved Payment Bill User Payment","Completed","GBP","-51.98","0.00","-51.98","","-4,628.08",""
"04/06/2023","01:37:40","BST","Adobe Systems Software Ireland LTD","General Authorisation","Completed","GBP","-51.98","0.00","-51.98","","-4,628.08",""
"04/06/2023","12:09:47","BST","LIME TECHNOLOGY LIMITED","Pre-approved Payment Bill User Payment","Completed","GBP","-3.53","0.00","-3.53","","-4,631.61",""
"05/06/2023","18:39:32","BST","Google","Pre-approved Payment Bill User Payment","Completed","GBP","-11.99","0.00","-11.99","","-4,643.60",""
"05/06/2023","23:36:43","BST","UBER PAYMENTS UK LIMITED","Pre-approved Payment Bill User Payment","Completed","GBP","-12.86","0.00","-12.86","","-4,656.46",""
"05/06/2023","23:36:43","BST","UBER PAYMENTS UK LIMITED","General Authorisation","Completed","GBP","-12.86","0.00","-12.86","","-4,656.46",""
"07/06/2023","04:06:53","BST","NETFLIX SERVICES UK LIMITED","Pre-approved Payment Bill User Payment","Completed","GBP","-10.99","0.00","-10.99","","-4,667.45",""
"09/06/2023","18:04:26","BST","Google","Pre-approved Payment Bill User Payment","Completed","GBP","-12.99","0.00","-12.99","","-4,680.44",""
"09/06/2023","18:11:46","BST","Canva Pty Limited","Pre-approved Payment Bill User Payment","Completed","GBP","-10.99","0.00","-10.99","","-4,691.43",""
"09/06/2023","18:11:46","BST","Canva Pty Limited","General Authorisation","Completed","GBP","-10.99","0.00","-10.99","","-4,691.43",""
"11/06/2023","17:01:08","BST","Google","Pre-approved Payment Bill User Payment","Completed","GBP","-11.99","0.00","-11.99","","-4,703.42",""
"12/06/2023","19:04:25","BST","LIME TECHNOLOGY LIMITED","Pre-approved Payment Bill User Payment","Completed","GBP","-4.22","0.00","-4.22","","-4,707.64",""
"13/06/2023","19:00:14","BST","LIME TECHNOLOGY LIMITED","Pre-approved Payment Bill User Payment","Completed","GBP","-3.76","0.00","-3.76","","-4,711.40",""
"16/06/2023","18:04:25","BST","Google","Pre-approved Payment Bill User Payment","Completed","GBP","-12.99","0.00","-12.99","","-4,724.39",""
"17/06/2023","20:40:14","BST","www.steampowered.com","Pre-approved Payment Bill User Payment","Completed","GBP","-12.79","0.00","-12.79","","-4,737.18",""
"19/06/2023","00:07:38","BST","JUSTEAT.CO.UK LTD","Express Checkout Payment","Completed","GBP","-30.96","0.00","-30.96","","-4,768.14",""
"19/06/2023","00:07:38","BST","","PayPal Buyer Credit Payment Funding","Completed","GBP","30.96","0.00","30.96","","-4,737.18",""
"19/06/2023","00:07:38","BST","JUSTEAT.CO.UK LTD","General Authorisation","Completed","GBP","-30.96","0.00","-30.96","","-4,737.18",""
"19/06/2023","03:45:51","BST","635 PayPal Lux","General Payment","Completed","GBP","-10.32","0.00","-10.32","","-4,747.50",""
"19/06/2023","03:45:51","BST","635 PayPal Lux","General Authorisation","Completed","GBP","-10.32","0.00","-10.32","","-4,747.50",""
"22/06/2023","19:06:23","BST","SONY INTERACTIVE ENTERTAINMENT NETWORK EUROPE LIMITED","Pre-approved Payment Bill User Payment","Completed","GBP","-3.99","0.00","-3.99","","-4,751.49",""
"23/06/2023","01:18:22","BST","UBER PAYMENTS UK LIMITED","Pre-approved Payment Bill User Payment","Completed","GBP","-36.11","0.00","-36.11","","-4,787.60",""
"23/06/2023","01:18:22","BST","UBER PAYMENTS UK LIMITED","General Authorisation","Completed","GBP","-36.11","0.00","-36.11","","-4,787.60",""
"23/06/2023","01:34:39","BST","JUSTEAT.CO.UK LTD","Express Checkout Payment","Completed","GBP","-20.16","0.00","-20.16","","-4,807.76",""
"23/06/2023","01:34:39","BST","JUSTEAT.CO.UK LTD","General Authorisation","Completed","GBP","-20.16","0.00","-20.16","","-4,807.76",""
"24/06/2023","03:10:19","BST","Google","Pre-approved Payment Bill User Payment","Completed","GBP","-1.59","0.00","-1.59","","-4,809.35",""
"24/06/2023","12:07:18","BST","UBER PAYMENTS UK LIMITED","Pre-approved Payment Bill User Payment","Completed","GBP","-46.18","0.00","-46.18","","-4,855.53",""
"24/06/2023","12:07:18","BST","UBER PAYMENTS UK LIMITED","General Authorisation","Completed","GBP","-46.18","0.00","-46.18","","-4,855.53",""
"25/06/2023","17:31:24","BST","LIME TECHNOLOGY LIMITED","Pre-approved Payment Bill User Payment","Completed","GBP","-4.50","0.00","-4.50","","-4,860.03",""
"25/06/2023","19:21:25","BST","LIME TECHNOLOGY LIMITED","Pre-approved Payment Bill User Payment","Completed","GBP","-2.75","0.00","-2.75","","-4,862.78",""
"27/06/2023","12:34:56","BST","LIME TECHNOLOGY LIMITED","Pre-approved Payment Bill User Payment","Completed","GBP","-4.78","0.00","-4.78","","-4,867.56",""
"27/06/2023","19:24:09","BST","JUSTEAT.CO.UK LTD","Void of Authorisation","Reversed","GBP","-16.17","0.00","-16.17","","-4,867.56",""
"28/06/2023","00:28:35","BST","The Washington Post","Pre-approved Payment Bill User Payment","Completed","GBP","-6.00","0.00","-6.00","","-4,873.56",""
"28/06/2023","08:06:53","BST","Sky UK Limited","Pre-approved Payment Bill User Payment","Completed","GBP","-9.99","0.00","-9.99","","-4,883.55",""
"28/06/2023","08:06:53","BST","Sky UK Limited","General Authorisation","Completed","GBP","-9.99","0.00","-9.99","","-4,883.55",""
"29/06/2023","03:00:20","BST","UBER PAYMENTS UK LIMITED","Void of Authorisation","Reversed","GBP","-23.67","0.00","-23.67","","-4,883.55",""
"29/06/2023","08:17:15","BST","Sky UK Limited","Pre-approved Payment Bill User Payment","Completed","GBP","-6.00","0.00","-6.00","","-4,889.55",""
"29/06/2023","08:17:15","BST","Sky UK Limited","General Authorisation","Completed","GBP","-6.00","0.00","-6.00","","-4,889.55",""
"29/06/2023","12:37:52","BST","Adobe Systems Software Ireland LTD","Pre-approved Payment Bill User Payment","Completed","GBP","-30.34","0.00","-30.34","","-4,919.89",""
"29/06/2023","12:37:52","BST","Adobe Systems Software Ireland LTD","General Authorisation","Completed","GBP","-30.34","0.00","-30.34","","-4,919.89",""
"30/06/2023","02:06:23","BST","www.steampowered.com","Pre-approved Payment Bill User Payment","Completed","GBP","-24.79","0.00","-24.79","","-4,944.68",""
"30/06/2023","13:53:53","BST","WordPress.com","Pre-approved Payment Bill User Payment","Completed","GBP","-62.40","0.00","-62.40","","-5,007.08",""
"30/06/2023","20:14:25","BST","Google","Pre-approved Payment Bill User Payment","Completed","GBP","-23.99","0.00","-23.99","","-5,031.07",""
"01/07/2023","10:27:00","BST","Patreon DLC Limited","Pre-approved Payment Bill User Payment","Completed","GBP","-8.40","0.00","-8.40","","-5,039.47",""
"02/07/2023","15:19:46","BST","LIME TECHNOLOGY LIMITED","Pre-approved Payment Bill User Payment","Completed","GBP","-5.50","0.00","-5.50","","-5,044.97",""
"03/07/2023","18:19:55","BST","Adobe Systems Software Ireland LTD","Pre-approved Payment Bill User Payment","Completed","GBP","-51.98","0.00","-51.98","","-5,096.95",""
"03/07/2023","18:19:55","BST","Adobe Systems Software Ireland LTD","General Authorisation","Completed","GBP","-51.98","0.00","-51.98","","-5,096.95",""
"03/07/2023","20:20:37","BST","LIME TECHNOLOGY LIMITED","Pre-approved Payment Bill User Payment","Completed","GBP","-3.97","0.00","-3.97","","-5,100.92",""
"03/07/2023","23:37:57","BST","Google","Pre-approved Payment Bill User Payment","Completed","GBP","-4.99","0.00","-4.99","","-5,105.91",""
"05/07/2023","18:39:32","BST","Google","Pre-approved Payment Bill User Payment","Completed","GBP","-11.99","0.00","-11.99","","-5,117.90",""
"05/07/2023","19:31:17","BST","LIME TECHNOLOGY LIMITED","Pre-approved Payment Bill User Payment","Completed","GBP","-3.97","0.00","-3.97","","-5,121.87",""
"07/07/2023","05:46:12","BST","NETFLIX SERVICES UK LIMITED","Pre-approved Payment Bill User Payment","Completed","GBP","-10.99","0.00","-10.99","","-5,132.86",""
"07/07/2023","12:53:16","BST","LIME TECHNOLOGY LIMITED","Pre-approved Payment Bill User Payment","Completed","GBP","-5.86","0.00","-5.86","","-5,138.72",""
"07/07/2023","13:43:00","BST","LIME TECHNOLOGY LIMITED","Pre-approved Payment Bill User Payment","Completed","GBP","-2.89","0.00","-2.89","","-5,141.61",""
"07/07/2023","19:33:18","BST","LIME TECHNOLOGY LIMITED","Pre-approved Payment Bill User Payment","Completed","GBP","-2.08","0.00","-2.08","","-5,143.69",""
"07/07/2023","20:35:42","BST","LIME TECHNOLOGY LIMITED","Pre-approved Payment Bill User Payment","Completed","GBP","-3.70","0.00","-3.70","","-5,147.39",""
"07/07/2023","23:25:05","BST","LIME TECHNOLOGY LIMITED","Pre-approved Payment Bill User Payment","Completed","GBP","-2.62","0.00","-2.62","","-5,150.01",""
"07/07/2023","23:29:12","BST","LIME TECHNOLOGY LIMITED","Pre-approved Payment Bill User Payment","Completed","GBP","-1.81","0.00","-1.81","","-5,151.82",""
"09/07/2023","00:20:30","BST","UBER PAYMENTS UK LIMITED","Pre-approved Payment Bill User Payment","Completed","GBP","-17.38","0.00","-17.38","","-5,169.20",""
"09/07/2023","00:20:30","BST","UBER PAYMENTS UK LIMITED","General Authorisation","Completed","GBP","-17.38","0.00","-17.38","","-5,169.20",""
"09/07/2023","18:11:27","BST","Canva Pty Limited","Pre-approved Payment Bill User Payment","Completed","GBP","-10.99","0.00","-10.99","","-5,180.19",""
"09/07/2023","18:11:27","BST","Canva Pty Limited","General Authorisation","Completed","GBP","-10.99","0.00","-10.99","","-5,180.19",""
"09/07/2023","20:08:51","BST","LIME TECHNOLOGY LIMITED","Pre-approved Payment Bill User Payment","Completed","GBP","-5.50","0.00","-5.50","","-5,185.69",""
"10/07/2023","14:03:04","BST","LIME TECHNOLOGY LIMITED","Pre-approved Payment Bill User Payment","Completed","GBP","-3.78","0.00","-3.78","","-5,189.47",""
"11/07/2023","17:01:09","BST","Google","Pre-approved Payment Bill User Payment","Completed","GBP","-11.99","0.00","-11.99","","-5,201.46",""
"12/07/2023","10:52:17","BST","MYOPTIQUE GROUP LTD","Express Checkout Payment","Completed","GBP","-124.20","0.00","-124.20","","-5,325.66",""
"12/07/2023","10:52:17","BST","","PayPal Buyer Credit Payment Funding","Completed","GBP","124.20","0.00","124.20","","-5,201.46",""
"12/07/2023","11:09:05","BST","635 PayPal Lux","General Payment","Completed","GBP","-41.40","0.00","-41.40","","-5,242.86",""
"12/07/2023","11:09:05","BST","635 PayPal Lux","General Authorisation","Completed","GBP","-41.40","0.00","-41.40","","-5,242.86",""
"14/07/2023","21:39:49","BST","JUSTEAT.CO.UK LTD","Express Checkout Payment","Completed","GBP","-18.58","0.00","-18.58","","-5,261.44",""
"14/07/2023","21:39:49","BST","JUSTEAT.CO.UK LTD","General Authorisation","Completed","GBP","-18.58","0.00","-18.58","","-5,261.44",""
"16/07/2023","00:30:25","BST","JUSTEAT.CO.UK LTD","Express Checkout Payment","Completed","GBP","-18.96","0.00","-18.96","","-5,280.40",""
"16/07/2023","00:30:25","BST","JUSTEAT.CO.UK LTD","General Authorisation","Completed","GBP","-18.96","0.00","-18.96","","-5,280.40",""
"16/07/2023","11:51:20","BST","LinkedIn Ireland","Pre-approved Payment Bill User Payment","Completed","GBP","-41.59","0.00","-41.59","","-5,321.99",""
"16/07/2023","12:28:51","BST","LIME TECHNOLOGY LIMITED","Pre-approved Payment Bill User Payment","Completed","GBP","-5.32","0.00","-5.32","","-5,327.31",""
"17/07/2023","17:26:07","BST","LIME TECHNOLOGY LIMITED","Pre-approved Payment Bill User Payment","Completed","GBP","-3.16","0.00","-3.16","","-5,330.47",""
"17/07/2023","18:59:07","BST","LIME TECHNOLOGY LIMITED","Pre-approved Payment Bill User Payment","Completed","GBP","-3.70","0.00","-3.70","","-5,334.17",""
"18/07/2023","06:29:09","BST","635 PayPal Lux","General Payment","Completed","GBP","-10.32","0.00","-10.32","","-5,344.49",""
"19/07/2023","03:21:43","BST","JUSTEAT.CO.UK LTD","Express Checkout Payment","Completed","GBP","-15.48","0.00","-15.48","","-5,359.97",""
"19/07/2023","03:21:43","BST","JUSTEAT.CO.UK LTD","General Authorisation","Completed","GBP","-15.48","0.00","-15.48","","-5,359.97",""
"19/07/2023","19:27:32","BST","LIME TECHNOLOGY LIMITED","Pre-approved Payment Bill User Payment","Completed","GBP","-4.24","0.00","-4.24","","-5,364.21",""
"19/07/2023","23:20:42","BST","LIME TECHNOLOGY LIMITED","Pre-approved Payment Bill User Payment","Completed","GBP","-4.24","0.00","-4.24","","-5,368.45",""
"20/07/2023","15:30:08","BST","LIME TECHNOLOGY LIMITED","Pre-approved Payment Bill User Payment","Completed","GBP","-4.78","0.00","-4.78","","-5,373.23",""
"20/07/2023","20:22:53","BST","LIME TECHNOLOGY LIMITED","Pre-approved Payment Bill User Payment","Completed","GBP","-3.97","0.00","-3.97","","-5,377.20",""
"21/07/2023","09:04:11","BST","Trainline","Express Checkout Payment","Completed","GBP","-37.60","0.00","-37.60","","-5,414.80",""
"21/07/2023","09:04:11","BST","","PayPal Buyer Credit Payment Funding","Completed","GBP","37.60","0.00","37.60","","-5,377.20",""
"21/07/2023","09:20:36","BST","635 PayPal Lux","General Payment","Completed","GBP","-12.53","0.00","-12.53","","-5,389.73",""
"21/07/2023","09:20:36","BST","635 PayPal Lux","General Authorisation","Completed","GBP","-12.53","0.00","-12.53","","-5,389.73",""
"21/07/2023","20:23:01","BST","UBER PAYMENTS UK LIMITED","Pre-approved Payment Bill User Payment","Completed","GBP","-59.97","0.00","-59.97","","-5,449.70",""
"21/07/2023","20:23:04","BST","UBER PAYMENTS UK LIMITED","Void of Authorisation","Reversed","GBP","-1.00","0.00","-1.00","","-5,449.70",""
"21/07/2023","20:23:38","BST","UBER PAYMENTS UK LIMITED","Pre-approved Payment Bill User Payment","Completed","GBP","-2.00","0.00","-2.00","","-5,451.70",""
"21/07/2023","23:12:48","BST","UBER PAYMENTS UK LIMITED","Pre-approved Payment Bill User Payment","Completed","GBP","-22.13","0.00","-22.13","","-5,473.83",""
"21/07/2023","23:12:51","BST","UBER PAYMENTS UK LIMITED","Void of Authorisation","Reversed","GBP","-1.00","0.00","-1.00","","-5,473.83",""
"22/07/2023","19:06:23","BST","SONY INTERACTIVE ENTERTAINMENT NETWORK EUROPE LIMITED","Pre-approved Payment Bill User Payment","Completed","GBP","-3.99","0.00","-3.99","","-5,477.82",""
"22/07/2023","23:07:18","BST","UBER PAYMENTS UK LIMITED","Pre-approved Payment Bill User Payment","Completed","GBP","-7.94","0.00","-7.94","","-5,485.76",""
"22/07/2023","23:07:21","BST","UBER PAYMENTS UK LIMITED","Void of Authorisation","Reversed","GBP","-1.00","0.00","-1.00","","-5,485.76",""
"23/07/2023","01:49:42","BST","UBER PAYMENTS UK LIMITED","Void of Authorisation","Reversed","GBP","-1.00","0.00","-1.00","","-5,485.76",""
"23/07/2023","01:54:07","BST","UBER PAYMENTS UK LIMITED","Void of Authorisation","Reversed","GBP","-1.00","0.00","-1.00","","-5,485.76",""
"23/07/2023","11:48:41","BST","UBER PAYMENTS UK LIMITED","Void of Authorisation","Reversed","GBP","-1.00","0.00","-1.00","","-5,485.76",""
"23/07/2023","12:18:35","BST","UBER PAYMENTS UK LIMITED","Pre-approved Payment Bill User Payment","Completed","GBP","-9.91","0.00","-9.91","","-5,495.67",""
"23/07/2023","12:18:38","BST","UBER PAYMENTS UK LIMITED","Void of Authorisation","Reversed","GBP","-1.00","0.00","-1.00","","-5,495.67",""
"23/07/2023","12:34:45","BST","Google","Pre-approved Payment Bill User Payment","Completed","GBP","-8.99","0.00","-8.99","","-5,504.66",""
"23/07/2023","16:25:45","BST","Google","Pre-approved Payment Bill User Payment","Completed","GBP","-19.99","0.00","-19.99","","-5,524.65",""
"23/07/2023","16:27:31","BST","Google","Pre-approved Payment Bill User Payment","Completed","GBP","-7.99","0.00","-7.99","","-5,532.64",""
"24/07/2023","03:10:18","BST","Google","Pre-approved Payment Bill User Payment","Completed","GBP","-1.59","0.00","-1.59","","-5,534.23",""
"24/07/2023","05:37:02","BST","UBER PAYMENTS UK LIMITED","Pre-approved Payment Bill User Payment","Completed","GBP","-28.91","0.00","-28.91","","-5,563.14",""
"24/07/2023","05:37:05","BST","UBER PAYMENTS UK LIMITED","Void of Authorisation","Reversed","GBP","-1.00","0.00","-1.00","","-5,563.14",""
"26/07/2023","00:28:14","BST","The Washington Post","Pre-approved Payment Bill User Payment","Completed","GBP","-6.00","0.00","-6.00","","-5,569.14",""
"26/07/2023","01:37:50","BST","JUSTEAT.CO.UK LTD","Express Checkout Payment","Completed","GBP","-15.12","0.00","-15.12","","-5,584.26",""
"26/07/2023","01:37:50","BST","JUSTEAT.CO.UK LTD","General Authorisation","Completed","GBP","-15.12","0.00","-15.12","","-5,584.26",""
"26/07/2023","22:52:53","BST","UBER PAYMENTS UK LIMITED","Pre-approved Payment Bill User Payment","Completed","GBP","-35.13","0.00","-35.13","","-5,619.39",""
"26/07/2023","22:52:53","BST","UBER PAYMENTS UK LIMITED","General Authorisation","Completed","GBP","-35.13","0.00","-35.13","","-5,619.39",""
"26/07/2023","22:52:55","BST","UBER PAYMENTS UK LIMITED","Pre-approved Payment Bill User Payment","Completed","GBP","-6.64","0.00","-6.64","","-5,626.03",""
"26/07/2023","22:52:55","BST","UBER PAYMENTS UK LIMITED","General Authorisation","Completed","GBP","-6.64","0.00","-6.64","","-5,626.03",""
"28/07/2023","08:06:42","BST","Sky UK Limited","Pre-approved Payment Bill User Payment","Completed","GBP","-9.99","0.00","-9.99","","-5,636.02",""
"28/07/2023","08:06:42","BST","Sky UK Limited","General Authorisation","Completed","GBP","-9.99","0.00","-9.99","","-5,636.02",""
"29/07/2023","08:01:17","BST","Sky UK Limited","Pre-approved Payment Bill User Payment","Completed","GBP","-6.00","0.00","-6.00","","-5,642.02",""
"29/07/2023","08:01:17","BST","Sky UK Limited","General Authorisation","Completed","GBP","-6.00","0.00","-6.00","","-5,642.02",""
"29/07/2023","12:25:44","BST","Google","Pre-approved Payment Bill User Payment","Completed","GBP","-8.99","0.00","-8.99","","-5,651.01",""
"29/07/2023","16:37:21","BST","Google","Pre-approved Payment Bill User Payment","Completed","GBP","-19.99","0.00","-19.99","","-5,671.00",""
"30/07/2023","12:53:42","BST","Adobe Systems Software Ireland LTD","Pre-approved Payment Bill User Payment","Completed","GBP","-30.34","0.00","-30.34","","-5,701.34",""
"30/07/2023","12:53:42","BST","Adobe Systems Software Ireland LTD","General Authorisation","Completed","GBP","-30.34","0.00","-30.34","","-5,701.34",""
"30/07/2023","14:42:25","BST","Trainline","Payment Refund","Completed","GBP","27.60","0.00","27.60","","-5,673.74",""
"30/07/2023","14:42:25","BST","","General Buyer Credit Payment","Completed","GBP","-27.60","0.00","-27.60","","-5,701.34",""
"31/07/2023","01:38:17","BST","635 PayPal Lux","Non-reference Credit Payment","Completed","GBP","2.53","0.00","2.53","","-5,698.81",""
"01/08/2023","10:39:05","BST","Patreon DLC Limited","Pre-approved Payment Bill User Payment","Completed","GBP","-8.40","0.00","-8.40","","-5,707.21",""
"01/08/2023","20:38:53","BST","LIME TECHNOLOGY LIMITED","Pre-approved Payment Bill User Payment","Completed","GBP","-3.43","0.00","-3.43","","-5,710.64",""
"02/08/2023","04:04:11","BST","Microsoft Payments Unlimited Company","Pre-approved Payment Bill User Payment","Completed","GBP","-10.99","0.00","-10.99","","-5,721.63",""
"03/08/2023","16:41:34","BST","Adobe Systems Software Ireland LTD","Pre-approved Payment Bill User Payment","Completed","GBP","-51.98","0.00","-51.98","","-5,773.61",""
"03/08/2023","16:41:34","BST","Adobe Systems Software Ireland LTD","General Authorisation","Completed","GBP","-51.98","0.00","-51.98","","-5,773.61",""
"03/08/2023","23:37:58","BST","Google","Pre-approved Payment Bill User Payment","Completed","GBP","-4.99","0.00","-4.99","","-5,778.60",""
"05/08/2023","18:39:32","BST","Google","Pre-approved Payment Bill User Payment","Completed","GBP","-11.99","0.00","-11.99","","-5,790.59",""
"06/08/2023","01:40:45","BST","JUSTEAT.CO.UK LTD","Void of Authorisation","Reversed","GBP","-15.98","0.00","-15.98","","-5,790.59",""
"06/08/2023","06:24:55","BST","JUSTEAT.CO.UK LTD","Express Checkout Payment","Completed","GBP","-13.10","0.00","-13.10","","-5,803.69",""
"06/08/2023","06:24:55","BST","JUSTEAT.CO.UK LTD","General Authorisation","Completed","GBP","-13.10","0.00","-13.10","","-5,803.69",""
"06/08/2023","13:07:32","BST","CDK LLC","Express Checkout Payment","Completed","GBP","-17.54","0.00","-17.54","","-5,821.23",""
"06/08/2023","13:07:32","BST","CDK LLC","General Authorisation","Completed","GBP","-17.54","0.00","-17.54","","-5,821.23",""
"06/08/2023","18:56:09","BST","LIME TECHNOLOGY LIMITED","Pre-approved Payment Bill User Payment","Completed","GBP","-2.89","0.00","-2.89","","-5,824.12",""
"07/08/2023","03:36:30","BST","NETFLIX SERVICES UK LIMITED","Pre-approved Payment Bill User Payment","Completed","GBP","-10.99","0.00","-10.99","","-5,835.11",""
"09/08/2023","09:58:39","BST","GFM*GoFundMe","Website Payment","Completed","GBP","-25.00","0.00","-25.00","","-5,860.11",""
"09/08/2023","09:58:39","BST","GFM*GoFundMe","General Authorisation","Completed","GBP","-25.00","0.00","-25.00","","-5,860.11",""
"09/08/2023","18:11:21","BST","Canva Pty Limited","Pre-approved Payment Bill User Payment","Completed","GBP","-10.99","0.00","-10.99","","-5,871.10",""
"09/08/2023","18:11:21","BST","Canva Pty Limited","General Authorisation","Completed","GBP","-10.99","0.00","-10.99","","-5,871.10",""
"10/08/2023","01:53:13","BST","JUSTEAT.CO.UK LTD","Express Checkout Payment","Completed","GBP","-16.90","0.00","-16.90","","-5,888.00",""
"10/08/2023","01:53:13","BST","JUSTEAT.CO.UK LTD","General Authorisation","Completed","GBP","-16.90","0.00","-16.90","","-5,888.00",""
"11/08/2023","10:00:44","BST","MYOPTIQUE GROUP LTD","Payment Refund","Completed","GBP","124.20","0.00","124.20","","-5,763.80",""
"11/08/2023","10:00:44","BST","","General Buyer Credit Payment","Completed","GBP","-124.20","0.00","-124.20","","-5,888.00",""
"11/08/2023","19:49:16","BST","LIME TECHNOLOGY LIMITED","Pre-approved Payment Bill User Payment","Completed","GBP","-3.43","0.00","-3.43","","-5,891.43",""
"12/08/2023","01:08:22","BST","635 PayPal Lux","Non-reference Credit Payment","Completed","GBP","41.40","0.00","41.40","","-5,850.03",""
"12/08/2023","16:21:17","BST","LIME TECHNOLOGY LIMITED","Pre-approved Payment Bill User Payment","Completed","GBP","-1.81","0.00","-1.81","","-5,851.84",""
"12/08/2023","17:30:10","BST","LIME TECHNOLOGY LIMITED","Pre-approved Payment Bill User Payment","Completed","GBP","-2.70","0.00","-2.70","","-5,854.54",""
"13/08/2023","14:45:59","BST","Meta Platforms, Inc.","Pre-approved Payment Bill User Payment","Completed","USD","-10.22","0.00","-10.22","","-10.22",""
"13/08/2023","14:45:59","BST","","General Currency Conversion","Completed","GBP","-8.41","0.00","-8.41","","-5,862.95",""
"13/08/2023","14:45:59","BST","","General Currency Conversion","Completed","USD","10.22","0.00","10.22","","0.00",""
"13/08/2023","19:13:58","BST","LIME TECHNOLOGY LIMITED","Pre-approved Payment Bill User Payment","Completed","GBP","-2.89","0.00","-2.89","","-5,865.84",""
"14/08/2023","18:08:18","BST","LIME TECHNOLOGY LIMITED","Pre-approved Payment Bill User Payment","Completed","GBP","-3.97","0.00","-3.97","","-5,869.81",""
"18/08/2023","04:49:41","BST","635 PayPal Lux","General Payment","Completed","GBP","-10.32","0.00","-10.32","","-5,880.13",""
"18/08/2023","20:26:01","BST","J D Wetherspoon PLC","Express Checkout Payment","Completed","GBP","-10.90","0.00","-10.90","","-5,891.03",""
"18/08/2023","20:42:39","BST","J D Wetherspoon PLC","Express Checkout Payment","Completed","GBP","-10.90","0.00","-10.90","","-5,901.93",""
"18/08/2023","23:20:11","BST","UBER PAYMENTS UK LIMITED","Pre-approved Payment Bill User Payment","Completed","GBP","-25.98","0.00","-25.98","","-5,927.91",""
"18/08/2023","23:20:14","BST","PayPal","Reversal of General Account Hold","Completed","GBP","1.00","0.00","1.00","","-5,926.91",""
"18/08/2023","23:20:14","BST","UBER PAYMENTS UK LIMITED","Void of Authorisation","Reversed","GBP","-1.00","0.00","-1.00","","-5,926.91",""
"19/08/2023","22:54:14","BST","Meta Platforms, Inc.","Pre-approved Payment Bill User Payment","Completed","USD","-35.00","0.00","-35.00","","-35.00",""
"19/08/2023","22:54:14","BST","","General Currency Conversion","Completed","GBP","-28.74","0.00","-28.74","","-5,955.65",""
"19/08/2023","22:54:14","BST","","General Currency Conversion","Completed","USD","35.00","0.00","35.00","","0.00",""
"20/08/2023","03:52:20","BST","UBER PAYMENTS UK LIMITED","Void of Authorisation","Reversed","GBP","-1.00","0.00","-1.00","","-5,955.65",""
"20/08/2023","04:10:01","BST","UBER PAYMENTS UK LIMITED","Pre-approved Payment Bill User Payment","Completed","GBP","-17.97","0.00","-17.97","","-5,973.62",""
"20/08/2023","04:10:07","BST","UBER PAYMENTS UK LIMITED","Void of Authorisation","Reversed","GBP","-1.00","0.00","-1.00","","-5,973.62",""
"20/08/2023","23:15:39","BST","UBER PAYMENTS UK LIMITED","Void of Authorisation","Reversed","GBP","-1.00","0.00","-1.00","","-5,973.62",""
"21/08/2023","01:08:48","BST","JUSTEAT.CO.UK LTD","Express Checkout Payment","Completed","GBP","-26.05","0.00","-26.05","","-5,999.67",""
"21/08/2023","01:08:48","BST","JUSTEAT.CO.UK LTD","General Authorisation","Completed","GBP","-26.05","0.00","-26.05","","-5,999.67",""
"21/08/2023","05:37:35","BST","UBER PAYMENTS UK LIMITED","Pre-approved Payment Bill User Payment","Completed","GBP","-25.91","0.00","-25.91","","-6,025.58",""
"21/08/2023","05:37:39","BST","UBER PAYMENTS UK LIMITED","Void of Authorisation","Reversed","GBP","-1.00","0.00","-1.00","","-6,025.58",""
"22/08/2023","19:06:34","BST","SONY INTERACTIVE ENTERTAINMENT NETWORK EUROPE LIMITED","Pre-approved Payment Bill User Payment","Completed","GBP","-3.99","0.00","-3.99","","-6,029.57",""
"23/08/2023","00:28:19","BST","The Washington Post","Pre-approved Payment Bill User Payment","Completed","GBP","-6.00","0.00","-6.00","","-6,035.57",""
"23/08/2023","02:04:00","BST","JUSTEAT.CO.UK LTD","Express Checkout Payment","Completed","GBP","-11.97","0.00","-11.97","","-6,047.54",""
"23/08/2023","02:04:00","BST","JUSTEAT.CO.UK LTD","General Authorisation","Completed","GBP","-11.97","0.00","-11.97","","-6,047.54",""
"24/08/2023","03:10:20","BST","Google","Pre-approved Payment Bill User Payment","Completed","GBP","-1.59","0.00","-1.59","","-6,049.13",""
"24/08/2023","18:55:15","BST","LIME TECHNOLOGY LIMITED","Pre-approved Payment Bill User Payment","Completed","GBP","-2.89","0.00","-2.89","","-6,052.02",""
"24/08/2023","19:54:26","BST","LIME TECHNOLOGY LIMITED","Pre-approved Payment Bill User Payment","Completed","GBP","-2.08","0.00","-2.08","","-6,054.10",""
"26/08/2023","01:05:24","BST","JUSTEAT.CO.UK LTD","Express Checkout Payment","Completed","GBP","-12.07","0.00","-12.07","","-6,066.17",""
"26/08/2023","01:05:24","BST","JUSTEAT.CO.UK LTD","General Authorisation","Completed","GBP","-12.07","0.00","-12.07","","-6,066.17",""
"26/08/2023","17:15:55","BST","LIME TECHNOLOGY LIMITED","Pre-approved Payment Bill User Payment","Completed","GBP","-5.05","0.00","-5.05","","-6,071.22",""
"26/08/2023","20:47:30","BST","LIME TECHNOLOGY LIMITED","Pre-approved Payment Bill User Payment","Completed","GBP","-5.05","0.00","-5.05","","-6,076.27",""
"26/08/2023","23:39:21","BST","UBER PAYMENTS UK LIMITED","Pre-approved Payment Bill User Payment","Completed","GBP","-17.52","0.00","-17.52","","-6,093.79",""
"26/08/2023","23:39:21","BST","UBER PAYMENTS UK LIMITED","General Authorisation","Completed","GBP","-25.39","0.00","-25.39","","-6,093.79",""
"28/08/2023","08:22:41","BST","Sky UK Limited","Pre-approved Payment Bill User Payment","Completed","GBP","-9.99","0.00","-9.99","","-6,103.78",""
"28/08/2023","08:22:41","BST","Sky UK Limited","General Authorisation","Completed","GBP","-9.99","0.00","-9.99","","-6,103.78",""
"28/08/2023","18:22:41","BST","LIME TECHNOLOGY LIMITED","Pre-approved Payment Bill User Payment","Completed","GBP","-3.97","0.00","-3.97","","-6,107.75",""
"29/08/2023","08:09:16","BST","Sky UK Limited","Pre-approved Payment Bill User Payment","Completed","GBP","-6.00","0.00","-6.00","","-6,113.75",""
"29/08/2023","08:09:16","BST","Sky UK Limited","General Authorisation","Completed","GBP","-6.00","0.00","-6.00","","-6,113.75",""
"30/08/2023","10:54:38","BST","Adobe Systems Software Ireland LTD","Pre-approved Payment Bill User Payment","Completed","GBP","-30.34","0.00","-30.34","","-6,144.09",""
"30/08/2023","10:54:38","BST","Adobe Systems Software Ireland LTD","General Authorisation","Completed","GBP","-30.34","0.00","-30.34","","-6,144.09",""
"31/08/2023","01:22:46","BST","JUSTEAT.CO.UK LTD","Express Checkout Payment","Completed","GBP","-20.57","0.00","-20.57","","-6,164.66",""
"31/08/2023","01:22:46","BST","JUSTEAT.CO.UK LTD","General Authorisation","Completed","GBP","-20.57","0.00","-20.57","","-6,164.66",""
"01/09/2023","06:46:26","BST","Google","Pre-approved Payment Bill User Payment","Completed","GBP","-59.99","0.00","-59.99","","-6,224.65",""
"01/09/2023","10:52:39","BST","Patreon DLC Limited","Pre-approved Payment Bill User Payment","Completed","GBP","-8.40","0.00","-8.40","","-6,233.05",""
"02/09/2023","03:56:45","BST","Microsoft Payments Unlimited Company","Pre-approved Payment Bill User Payment","Completed","GBP","-12.99","0.00","-12.99","","-6,246.04",""
"02/09/2023","18:00:51","BST","LIME TECHNOLOGY LIMITED","Pre-approved Payment Bill User Payment","Completed","GBP","-3.70","0.00","-3.70","","-6,249.74",""
"03/09/2023","03:36:28","BST","JUSTEAT.CO.UK LTD","Express Checkout Payment","Completed","GBP","-12.17","0.00","-12.17","","-6,261.91",""
"03/09/2023","03:36:28","BST","JUSTEAT.CO.UK LTD","General Authorisation","Completed","GBP","-12.17","0.00","-12.17","","-6,261.91",""
"03/09/2023","12:09:10","BST","LIME TECHNOLOGY LIMITED","Pre-approved Payment Bill User Payment","Completed","GBP","-2.35","0.00","-2.35","","-6,264.26",""
"03/09/2023","15:16:57","BST","LIME TECHNOLOGY LIMITED","Pre-approved Payment Bill User Payment","Completed","GBP","-3.43","0.00","-3.43","","-6,267.69",""
"03/09/2023","16:43:00","BST","Adobe Systems Software Ireland LTD","Pre-approved Payment Bill User Payment","Completed","GBP","-51.98","0.00","-51.98","","-6,319.67",""
"03/09/2023","16:43:00","BST","Adobe Systems Software Ireland LTD","General Authorisation","Completed","GBP","-51.98","0.00","-51.98","","-6,319.67",""
"03/09/2023","23:37:57","BST","Google","Pre-approved Payment Bill User Payment","Completed","GBP","-4.99","0.00","-4.99","","-6,324.66",""
"04/09/2023","18:11:57","BST","LIME TECHNOLOGY LIMITED","Pre-approved Payment Bill User Payment","Completed","GBP","-3.43","0.00","-3.43","","-6,328.09",""
"05/09/2023","18:11:57","BST","LIME TECHNOLOGY LIMITED","Pre-approved Payment Bill User Payment","Completed","GBP","-3.43","0.00","-3.43","","-6,331.52",""
"05/09/2023","18:39:32","BST","Google","Pre-approved Payment Bill User Payment","Completed","GBP","-11.99","0.00","-11.99","","-6,343.51",""
"07/09/2023","02:13:41","BST","NETFLIX SERVICES UK LIMITED","Pre-approved Payment Bill User Payment","Completed","GBP","-10.99","0.00","-10.99","","-6,354.50",""
"07/09/2023","19:07:48","BST","LIME TECHNOLOGY LIMITED","Pre-approved Payment Bill User Payment","Completed","GBP","-10.99","0.00","-10.99","","-6,365.49",""
"09/09/2023","18:11:32","BST","Canva Pty Limited","Pre-approved Payment Bill User Payment","Completed","GBP","-10.99","0.00","-10.99","","-6,376.48",""
"09/09/2023","18:11:32","BST","Canva Pty Limited","General Authorisation","Completed","GBP","-10.99","0.00","-10.99","","-6,376.48",""
"09/09/2023","20:10:04","BST","UBER PAYMENTS UK LIMITED","Pre-approved Payment Bill User Payment","Completed","GBP","-24.74","0.00","-24.74","","-6,401.22",""
"09/09/2023","20:10:04","BST","UBER PAYMENTS UK LIMITED","General Authorisation","Completed","GBP","-24.74","0.00","-24.74","","-6,401.22",""
"10/09/2023","04:26:37","BST","JUSTEAT.CO.UK LTD","Express Checkout Payment","Completed","GBP","-15.29","0.00","-15.29","","-6,416.51",""
"10/09/2023","04:26:37","BST","JUSTEAT.CO.UK LTD","General Authorisation","Completed","GBP","-15.29","0.00","-15.29","","-6,416.51",""
"13/09/2023","08:14:25","BST","Meta Platforms, Inc.","Pre-approved Payment Bill User Payment","Completed","USD","-15.77","0.00","-15.77","","-15.77",""
"13/09/2023","08:14:25","BST","","General Currency Conversion","Completed","GBP","-13.19","0.00","-13.19","","-6,429.70",""
"13/09/2023","08:14:25","BST","","General Currency Conversion","Completed","USD","15.77","0.00","15.77","","0.00",""
"13/09/2023","18:37:16","BST","LIME TECHNOLOGY LIMITED","Pre-approved Payment Bill User Payment","Completed","GBP","-2.08","0.00","-2.08","","-6,431.78",""
"13/09/2023","19:19:43","BST","LIME TECHNOLOGY LIMITED","Pre-approved Payment Bill User Payment","Completed","GBP","-10.99","0.00","-10.99","","-6,442.77",""
"16/09/2023","00:48:54","BST","Meta Platforms, Inc.","Pre-approved Payment Bill User Payment","Completed","USD","-35.00","0.00","-35.00","","-35.00",""
"16/09/2023","00:48:54","BST","","General Currency Conversion","Completed","GBP","-29.46","0.00","-29.46","","-6,472.23",""
"16/09/2023","00:48:54","BST","","General Currency Conversion","Completed","USD","35.00","0.00","35.00","","0.00",""
"16/09/2023","11:49:24","BST","Meta Platforms, Inc.","Pre-approved Payment Bill User Payment","Completed","USD","-35.00","0.00","-35.00","","-35.00",""
"16/09/2023","11:49:24","BST","","General Currency Conversion","Completed","GBP","-29.46","0.00","-29.46","","-6,501.69",""
"16/09/2023","11:49:24","BST","","General Currency Conversion","Completed","USD","35.00","0.00","35.00","","0.00",""
"16/09/2023","16:15:36","BST","News UK and Ireland Limited","Pre-approved Payment Bill User Payment","Completed","GBP","-4.00","0.00","-4.00","","-6,505.69",""
"16/09/2023","22:15:17","BST","Meta Platforms, Inc.","Pre-approved Payment Bill User Payment","Completed","USD","-50.00","0.00","-50.00","","-50.00",""
"16/09/2023","22:15:17","BST","","General Currency Conversion","Completed","GBP","-42.08","0.00","-42.08","","-6,547.77",""
"16/09/2023","22:15:17","BST","","General Currency Conversion","Completed","USD","50.00","0.00","50.00","","0.00",""
"16/09/2023","23:01:43","BST","JUSTEAT.CO.UK LTD","Express Checkout Payment","Completed","GBP","-20.65","0.00","-20.65","","-6,568.42",""
"16/09/2023","23:01:43","BST","JUSTEAT.CO.UK LTD","General Authorisation","Completed","GBP","-20.65","0.00","-20.65","","-6,568.42",""
"17/09/2023","15:16:17","BST","Meta Platforms, Inc.","Pre-approved Payment Bill User Payment","Completed","USD","-75.00","0.00","-75.00","","-75.00",""
"17/09/2023","15:16:17","BST","","General Currency Conversion","Completed","GBP","-63.12","0.00","-63.12","","-6,631.54",""
"17/09/2023","15:16:17","BST","","General Currency Conversion","Completed","USD","75.00","0.00","75.00","","0.00",""
"18/09/2023","11:52:41","BST","Meta Platforms, Inc.","Pre-approved Payment Bill User Payment","Completed","USD","-125.00","0.00","-125.00","","-125.00",""
"18/09/2023","11:52:41","BST","","General Currency Conversion","Completed","GBP","-105.20","0.00","-105.20","","-6,736.74",""
"18/09/2023","11:52:41","BST","","General Currency Conversion","Completed","USD","125.00","0.00","125.00","","0.00",""
"19/09/2023","15:06:11","BST","Meta Platforms, Inc.","Pre-approved Payment Bill User Payment","Completed","USD","-175.00","0.00","-175.00","","-175.00",""
"19/09/2023","15:06:11","BST","","General Currency Conversion","Completed","GBP","-147.38","0.00","-147.38","","-6,884.12",""
"19/09/2023","15:06:11","BST","","General Currency Conversion","Completed","USD","175.00","0.00","175.00","","0.00",""
"20/09/2023","00:28:11","BST","The Washington Post","Pre-approved Payment Bill User Payment","Completed","GBP","-6.00","0.00","-6.00","","-6,890.12",""
"20/09/2023","18:32:55","BST","LIME TECHNOLOGY LIMITED","Pre-approved Payment Bill User Payment","Completed","GBP","-3.43","0.00","-3.43","","-6,893.55",""
"20/09/2023","21:18:49","BST","LIME TECHNOLOGY LIMITED","Pre-approved Payment Bill User Payment","Completed","GBP","-2.89","0.00","-2.89","","-6,896.44",""
"21/09/2023","03:48:11","BST","Meta Platforms, Inc.","Pre-approved Payment Bill User Payment","Completed","USD","-250.00","0.00","-250.00","","-250.00",""
"21/09/2023","03:48:11","BST","","General Currency Conversion","Completed","GBP","-211.20","0.00","-211.20","","-7,107.64",""
"21/09/2023","03:48:11","BST","","General Currency Conversion","Completed","USD","250.00","0.00","250.00","","0.00",""
"22/09/2023","19:06:26","BST","SONY INTERACTIVE ENTERTAINMENT NETWORK EUROPE LIMITED","Pre-approved Payment Bill User Payment","Completed","GBP","-3.99","0.00","-3.99","","-7,111.63",""
"24/09/2023","03:10:18","BST","Google","Pre-approved Payment Bill User Payment","Completed","GBP","-1.59","0.00","-1.59","","-7,113.22",""
"24/09/2023","03:15:46","BST","JUSTEAT.CO.UK LTD","Express Checkout Payment","Completed","GBP","-22.89","0.00","-22.89","","-7,136.11",""
"24/09/2023","03:15:46","BST","JUSTEAT.CO.UK LTD","General Authorisation","Completed","GBP","-22.89","0.00","-22.89","","-7,136.11",""
"24/09/2023","18:03:26","BST","LIME TECHNOLOGY LIMITED","Pre-approved Payment Bill User Payment","Completed","GBP","-6.94","0.00","-6.94","","-7,143.05",""
"26/09/2023","18:45:23","BST","Meta Platforms, Inc.","Pre-approved Payment Bill User Payment","Completed","USD","-400.00","0.00","-400.00","","-400.00",""
"26/09/2023","18:45:23","BST","","General Currency Conversion","Completed","GBP","-341.75","0.00","-341.75","","-7,484.80",""
"26/09/2023","18:45:23","BST","","General Currency Conversion","Completed","USD","400.00","0.00","400.00","","0.00",""
"27/09/2023","09:24:15","BST","","Reversal of ACH Deposit","Completed","GBP","-211.20","0.00","-211.20","","-7,696.00",""
"30/09/2023","22:41:48","BST","","Credit Card Deposit for Negative PayPal Account Balance","Completed","GBP","211.20","0.00","211.20","","-7,484.80",""
"01/10/2023","04:14:40","BST","JUSTEAT.CO.UK LTD","Express Checkout Payment","Completed","GBP","-12.13","0.00","-12.13","","-7,496.93",""
"01/10/2023","04:14:40","BST","JUSTEAT.CO.UK LTD","General Authorisation","Completed","GBP","-12.13","0.00","-12.13","","-7,496.93",""
"01/10/2023","08:01:38","BST","Sky UK Limited","Pre-approved Payment Bill User Payment","Completed","GBP","-6.00","0.00","-6.00","","-7,502.93",""
"01/10/2023","08:01:38","BST","Sky UK Limited","General Authorisation","Completed","GBP","-6.00","0.00","-6.00","","-7,502.93",""
"01/10/2023","08:07:20","BST","Sky UK Limited","Pre-approved Payment Bill User Payment","Completed","GBP","-9.99","0.00","-9.99","","-7,512.92",""
"01/10/2023","08:07:20","BST","Sky UK Limited","General Authorisation","Completed","GBP","-9.99","0.00","-9.99","","-7,512.92",""
"01/10/2023","10:33:46","BST","Patreon DLC Limited","Pre-approved Payment Bill User Payment","Completed","GBP","-8.40","0.00","-8.40","","-7,521.32",""
"01/10/2023","10:46:12","BST","Adobe Systems Software Ireland LTD","Pre-approved Payment Bill User Payment","Completed","GBP","-30.34","0.00","-30.34","","-7,551.66",""
"01/10/2023","10:46:12","BST","Adobe Systems Software Ireland LTD","General Authorisation","Completed","GBP","-30.34","0.00","-30.34","","-7,551.66",""
"01/10/2023","15:38:43","BST","LIME TECHNOLOGY LIMITED","Pre-approved Payment Bill User Payment","Completed","GBP","-2.89","0.00","-2.89","","-7,554.55",""
"01/10/2023","17:58:19","BST","UBER PAYMENTS UK LIMITED","Pre-approved Payment Bill User Payment","Completed","GBP","-24.45","0.00","-24.45","","-7,579.00",""
"01/10/2023","17:58:19","BST","UBER PAYMENTS UK LIMITED","General Authorisation","Completed","GBP","-24.45","0.00","-24.45","","-7,579.00",""
"01/10/2023","19:08:21","BST","Microsoft Payments Unlimited Company","Pre-approved Payment Bill User Payment","Completed","GBP","-12.99","0.00","-12.99","","-7,591.99",""
"03/10/2023","19:59:46","BST","Adobe Systems Software Ireland LTD","Pre-approved Payment Bill User Payment","Completed","GBP","-51.98","0.00","-51.98","","-7,643.97",""
"03/10/2023","19:59:46","BST","Adobe Systems Software Ireland LTD","General Authorisation","Completed","GBP","-51.98","0.00","-51.98","","-7,643.97",""
"03/10/2023","23:37:57","BST","Google","Pre-approved Payment Bill User Payment","Completed","GBP","-4.99","0.00","-4.99","","-7,648.96",""
"05/10/2023","08:03:37","BST","www.steampowered.com","Pre-approved Payment Bill User Payment","Completed","GBP","-19.99","0.00","-19.99","","-7,668.95",""
"05/10/2023","11:02:48","BST","","ACH Funding for Funds Recovery from Account Balance","Completed","GBP","211.20","0.00","211.20","","-7,457.75",""
"05/10/2023","18:39:32","BST","Google","Pre-approved Payment Bill User Payment","Completed","GBP","-12.99","0.00","-12.99","","-7,470.74",""
"06/10/2023","17:06:06","BST","LIME TECHNOLOGY LIMITED","Pre-approved Payment Bill User Payment","Completed","GBP","-4.78","0.00","-4.78","","-7,475.52",""
"07/10/2023","03:25:40","BST","NETFLIX SERVICES UK LIMITED","Pre-approved Payment Bill User Payment","Completed","GBP","-10.99","0.00","-10.99","","-7,486.51",""
"08/10/2023","19:48:10","BST","LIME TECHNOLOGY LIMITED","Pre-approved Payment Bill User Payment","Completed","GBP","-4.78","0.00","-4.78","","-7,491.29",""
"09/10/2023","02:53:44","BST","JUSTEAT.CO.UK LTD","Express Checkout Payment","Completed","GBP","-14.60","0.00","-14.60","","-7,505.89",""
"09/10/2023","02:53:44","BST","JUSTEAT.CO.UK LTD","General Authorisation","Completed","GBP","-14.60","0.00","-14.60","","-7,505.89",""
"09/10/2023","18:11:32","BST","Canva Pty Limited","Pre-approved Payment Bill User Payment","Completed","GBP","-10.99","0.00","-10.99","","-7,516.88",""
"09/10/2023","18:11:32","BST","PayPal","Reversal of General Account Hold","Completed","GBP","10.99","0.00","10.99","","-7,505.89",""
"09/10/2023","18:11:32","BST","Canva Pty Limited","General Authorisation","Completed","GBP","-10.99","0.00","-10.99","","-7,505.89",""
"10/10/2023","23:00:55","BST","LIME TECHNOLOGY LIMITED","Pre-approved Payment Bill User Payment","Completed","GBP","-2.62","0.00","-2.62","","-7,508.51",""
"13/10/2023","03:46:34","BST","JUSTEAT.CO.UK LTD","Express Checkout Payment","Completed","GBP","-11.16","0.00","-11.16","","-7,519.67",""
"13/10/2023","03:46:34","BST","JUSTEAT.CO.UK LTD","General Authorisation","Completed","GBP","-11.16","0.00","-11.16","","-7,519.67",""
"13/10/2023","05:11:26","BST","JUSTEAT.CO.UK LTD","Express Checkout Payment","Completed","GBP","-23.32","0.00","-23.32","","-7,542.99",""
"13/10/2023","05:11:26","BST","JUSTEAT.CO.UK LTD","General Authorisation","Completed","GBP","-23.32","0.00","-23.32","","-7,542.99",""
"13/10/2023","08:55:02","BST","Meta Platforms, Inc.","Pre-approved Payment Bill User Payment","Completed","USD","-323.95","0.00","-323.95","","-323.95",""
"13/10/2023","08:55:02","BST","","General Currency Conversion","Completed","GBP","-277.28","0.00","-277.28","","-7,820.27",""
"13/10/2023","08:55:02","BST","","General Currency Conversion","Completed","USD","323.95","0.00","323.95","","0.00",""
"13/10/2023","14:11:20","BST","Meta Platforms, Inc.","Pre-approved Payment Bill User Payment","Completed","USD","-20.32","0.00","-20.32","","-20.32",""
"13/10/2023","14:11:20","BST","","General Currency Conversion","Completed","GBP","-17.39","0.00","-17.39","","-7,837.66",""
"13/10/2023","14:11:20","BST","","General Currency Conversion","Completed","USD","20.32","0.00","20.32","","0.00",""
"15/10/2023","14:53:43","BST","LIME TECHNOLOGY LIMITED","Pre-approved Payment Bill User Payment","Completed","GBP","-3.16","0.00","-3.16","","-7,840.82",""
"16/10/2023","13:08:26","BST","News UK and Ireland Limited","Pre-approved Payment Bill User Payment","Completed","GBP","-4.00","0.00","-4.00","","-7,844.82",""
"18/10/2023","00:28:41","BST","The Washington Post","Pre-approved Payment Bill User Payment","Completed","GBP","-6.00","0.00","-6.00","","-7,850.82",""
"18/10/2023","04:23:27","BST","JUSTEAT.CO.UK LTD","Express Checkout Payment","Completed","GBP","-12.92","0.00","-12.92","","-7,863.74",""
"18/10/2023","04:23:27","BST","JUSTEAT.CO.UK LTD","General Authorisation","Completed","GBP","-12.92","0.00","-12.92","","-7,863.74",""
"20/10/2023","23:32:58","BST","CDK LLC","Express Checkout Payment","Completed","GBP","-34.79","0.00","-34.79","","-7,898.53",""
"20/10/2023","23:32:58","BST","CDK LLC","General Authorisation","Completed","GBP","-34.79","0.00","-34.79","","-7,898.53",""
"21/10/2023","01:06:14","BST","UBER PAYMENTS UK LIMITED","Pre-approved Payment Bill User Payment","Completed","GBP","-13.68","0.00","-13.68","","-7,912.21",""
"21/10/2023","01:06:14","BST","UBER PAYMENTS UK LIMITED","General Authorisation","Completed","GBP","-13.68","0.00","-13.68","","-7,912.21",""
"21/10/2023","05:13:09","BST","JUSTEAT.CO.UK LTD","Express Checkout Payment","Completed","GBP","-11.88","0.00","-11.88","","-7,924.09",""
"21/10/2023","05:13:09","BST","JUSTEAT.CO.UK LTD","General Authorisation","Completed","GBP","-11.88","0.00","-11.88","","-7,924.09",""
"21/10/2023","13:28:45","BST","JUSTEAT.CO.UK LTD","Payment Refund","Completed","GBP","11.88","0.00","11.88","","-7,912.21",""
"22/10/2023","13:16:33","BST","LIME TECHNOLOGY LIMITED","Pre-approved Payment Bill User Payment","Completed","GBP","-3.16","0.00","-3.16","","-7,915.37",""
"22/10/2023","19:06:42","BST","SONY INTERACTIVE ENTERTAINMENT NETWORK EUROPE LIMITED","Pre-approved Payment Bill User Payment","Completed","GBP","-3.99","0.00","-3.99","","-7,919.36",""
"24/10/2023","03:10:19","BST","Google","Pre-approved Payment Bill User Payment","Completed","GBP","-1.59","0.00","-1.59","","-7,920.95",""
"28/10/2023","00:53:10","BST","JUSTEAT.CO.UK LTD","Express Checkout Payment","Completed","GBP","-10.81","0.00","-10.81","","-7,931.76",""
"28/10/2023","00:53:10","BST","JUSTEAT.CO.UK LTD","General Authorisation","Completed","GBP","-10.81","0.00","-10.81","","-7,931.76",""
"28/10/2023","08:03:52","BST","Sky UK Limited","Pre-approved Payment Bill User Payment","Completed","GBP","-9.99","0.00","-9.99","","-7,941.75",""
"28/10/2023","08:03:52","BST","Sky UK Limited","General Authorisation","Completed","GBP","-9.99","0.00","-9.99","","-7,941.75",""
"28/10/2023","21:26:43","BST","UBER PAYMENTS UK LIMITED","Pre-approved Payment Bill User Payment","Completed","GBP","-20.38","0.00","-20.38","","-7,962.13",""
"28/10/2023","21:26:43","BST","UBER PAYMENTS UK LIMITED","General Authorisation","Completed","GBP","-20.38","0.00","-20.38","","-7,962.13",""
"29/10/2023","08:09:04","GMT","Sky UK Limited","Pre-approved Payment Bill User Payment","Completed","GBP","-6.00","0.00","-6.00","","-7,968.13",""
"29/10/2023","08:09:04","GMT","Sky UK Limited","General Authorisation","Completed","GBP","-6.00","0.00","-6.00","","-7,968.13",""
"30/10/2023","11:22:15","GMT","Adobe Systems Software Ireland LTD","Pre-approved Payment Bill User Payment","Completed","GBP","-30.34","0.00","-30.34","","-7,998.47",""
"30/10/2023","11:22:15","GMT","Adobe Systems Software Ireland LTD","General Authorisation","Completed","GBP","-30.34","0.00","-30.34","","-7,998.47",""
"30/10/2023","11:45:48","GMT","","General Withdrawal","Completed","GBP","-11.88","0.00","-11.88","","-7,998.47",""
"31/10/2023","22:45:16","GMT","UBER PAYMENTS UK LIMITED","Pre-approved Payment Bill User Payment","Completed","GBP","-31.38","0.00","-31.38","","-8,029.85",""
"31/10/2023","22:45:16","GMT","UBER PAYMENTS UK LIMITED","General Authorisation","Completed","GBP","-33.91","0.00","-33.91","","-8,029.85",""
"01/11/2023","10:30:31","GMT","Patreon DLC Limited","Pre-approved Payment Bill User Payment","Completed","GBP","-8.40","0.00","-8.40","","-8,038.25",""
"02/11/2023","09:55:24","GMT","Microsoft Payments Unlimited Company","Pre-approved Payment Bill User Payment","Completed","GBP","-12.99","0.00","-12.99","","-8,051.24",""
"02/11/2023","23:47:43","GMT","JUSTEAT.CO.UK LTD","Express Checkout Payment","Completed","GBP","-11.99","0.00","-11.99","","-8,063.23",""
"02/11/2023","23:47:43","GMT","JUSTEAT.CO.UK LTD","General Authorisation","Completed","GBP","-11.99","0.00","-11.99","","-8,063.23",""
"03/11/2023","20:14:48","GMT","Adobe Systems Software Ireland LTD","Pre-approved Payment Bill User Payment","Completed","GBP","-51.98","0.00","-51.98","","-8,115.21",""
"03/11/2023","20:14:48","GMT","Adobe Systems Software Ireland LTD","General Authorisation","Completed","GBP","-51.98","0.00","-51.98","","-8,115.21",""
"03/11/2023","22:37:58","GMT","Google","Pre-approved Payment Bill User Payment","Completed","GBP","-4.99","0.00","-4.99","","-8,120.20",""
"04/11/2023","00:19:24","GMT","LIME TECHNOLOGY LIMITED","Pre-approved Payment Bill User Payment","Completed","GBP","-3.16","0.00","-3.16","","-8,123.36",""
"04/11/2023","16:12:33","GMT","LIME TECHNOLOGY LIMITED","Pre-approved Payment Bill User Payment","Completed","GBP","-1.27","0.00","-1.27","","-8,124.63",""
"04/11/2023","16:24:58","GMT","LIME TECHNOLOGY LIMITED","Pre-approved Payment Bill User Payment","Completed","GBP","-4.51","0.00","-4.51","","-8,129.14",""
"05/11/2023","18:39:33","GMT","Google","Pre-approved Payment Bill User Payment","Completed","GBP","-12.99","0.00","-12.99","","-8,142.13",""
"05/11/2023","22:38:03","GMT","JUSTEAT.CO.UK LTD","Express Checkout Payment","Completed","GBP","-19.15","0.00","-19.15","","-8,161.28",""
"05/11/2023","22:38:03","GMT","JUSTEAT.CO.UK LTD","General Authorisation","Completed","GBP","-19.15","0.00","-19.15","","-8,161.28",""
"07/11/2023","00:31:52","GMT","UBER PAYMENTS UK LIMITED","Pre-approved Payment Bill User Payment","Completed","GBP","-18.58","0.00","-18.58","","-8,179.86",""
"07/11/2023","00:31:52","GMT","UBER PAYMENTS UK LIMITED","General Authorisation","Completed","GBP","-18.58","0.00","-18.58","","-8,179.86",""
"07/11/2023","05:09:35","GMT","NETFLIX SERVICES UK LIMITED","Pre-approved Payment Bill User Payment","Completed","GBP","-10.99","0.00","-10.99","","-8,190.85",""
"09/11/2023","00:06:41","GMT","JUSTEAT.CO.UK LTD","Express Checkout Payment","Completed","GBP","-18.70","0.00","-18.70","","-8,209.55",""
"09/11/2023","00:06:41","GMT","JUSTEAT.CO.UK LTD","General Authorisation","Completed","GBP","-18.70","0.00","-18.70","","-8,209.55",""
"09/11/2023","17:11:14","GMT","Canva Pty Limited","Pre-approved Payment Bill User Payment","Completed","GBP","-10.99","0.00","-10.99","","-8,220.54",""
"09/11/2023","17:11:14","GMT","Canva Pty Limited","General Authorisation","Completed","GBP","-10.99","0.00","-10.99","","-8,220.54",""
"11/11/2023","03:38:03","GMT","JUSTEAT.CO.UK LTD","Express Checkout Payment","Completed","GBP","-11.16","0.00","-11.16","","-8,231.70",""
"11/11/2023","03:38:03","GMT","JUSTEAT.CO.UK LTD","General Authorisation","Completed","GBP","-11.16","0.00","-11.16","","-8,231.70",""
"13/11/2023","08:39:29","GMT","Meta Platforms, Inc.","Pre-approved Payment Bill User Payment","Completed","USD","-55.44","0.00","-55.44","","-55.44",""
"13/11/2023","08:39:29","GMT","","General Currency Conversion","Completed","GBP","-47.40","0.00","-47.40","","-8,279.10",""
"13/11/2023","08:39:29","GMT","","General Currency Conversion","Completed","USD","55.44","0.00","55.44","","0.00",""
"14/11/2023","01:17:39","GMT","UBER PAYMENTS UK LIMITED","Pre-approved Payment Bill User Payment","Completed","GBP","-35.00","0.00","-35.00","","-8,314.10",""
"14/11/2023","01:17:39","GMT","UBER PAYMENTS UK LIMITED","General Authorisation","Completed","GBP","-35.00","0.00","-35.00","","-8,314.10",""
"15/11/2023","00:28:12","GMT","The Washington Post","Pre-approved Payment Bill User Payment","Completed","GBP","-6.00","0.00","-6.00","","-8,320.10",""
"15/11/2023","08:17:05","GMT","UBER PAYMENTS UK LIMITED","Payment Refund","Completed","GBP","35.00","0.00","35.00","","-8,285.10",""
"16/11/2023","13:08:53","GMT","News UK and Ireland Limited","Pre-approved Payment Bill User Payment","Completed","GBP","-26.00","0.00","-26.00","","-8,311.10",""
"16/11/2023","19:53:26","GMT","UBER PAYMENTS UK LIMITED","Pre-approved Payment Bill User Payment","Completed","GBP","-6.98","0.00","-6.98","","-8,318.08",""
"16/11/2023","19:53:30","GMT","UBER PAYMENTS UK LIMITED","Void of Authorisation","Reversed","GBP","-1.00","0.00","-1.00","","-8,318.08",""
"16/11/2023","21:51:07","GMT","UBER PAYMENTS UK LIMITED","Pre-approved Payment Bill User Payment","Completed","GBP","-5.95","0.00","-5.95","","-8,324.03",""
"16/11/2023","21:51:10","GMT","UBER PAYMENTS UK LIMITED","Void of Authorisation","Reversed","GBP","-1.00","0.00","-1.00","","-8,324.03",""
"18/11/2023","03:37:11","GMT","JUSTEAT.CO.UK LTD","Express Checkout Payment","Completed","GBP","-19.93","0.00","-19.93","","-8,343.96",""
"18/11/2023","03:37:11","GMT","JUSTEAT.CO.UK LTD","General Authorisation","Completed","GBP","-19.93","0.00","-19.93","","-8,343.96",""
"19/11/2023","17:11:04","GMT","SONY INTERACTIVE ENTERTAINMENT NETWORK EUROPE LIMITED","Pre-approved Payment Bill User Payment","Completed","GBP","-59.99","0.00","-59.99","","-8,403.95",""
"21/11/2023","11:12:52","GMT","","User Initiated Withdrawal","Completed","GBP","-35.00","0.00","-35.00","","-8,403.95",""
"22/11/2023","18:06:38","GMT","SONY INTERACTIVE ENTERTAINMENT NETWORK EUROPE LIMITED","Pre-approved Payment Bill User Payment","Completed","GBP","-3.99","0.00","-3.99","","-8,407.94",""
"24/11/2023","02:10:21","GMT","Google","Pre-approved Payment Bill User Payment","Completed","GBP","-1.59","0.00","-1.59","","-8,409.53",""
"26/11/2023","23:02:20","GMT","JUSTEAT.CO.UK LTD","Express Checkout Payment","Completed","GBP","-11.16","0.00","-11.16","","-8,420.69",""
"26/11/2023","23:02:20","GMT","JUSTEAT.CO.UK LTD","General Authorisation","Completed","GBP","-11.16","0.00","-11.16","","-8,420.69",""
"27/11/2023","22:56:05","GMT","Sky UK Limited","Pre-approved Payment Bill User Payment","Completed","GBP","-9.99","0.00","-9.99","","-8,430.68",""
"27/11/2023","22:56:05","GMT","Sky UK Limited","General Authorisation","Completed","GBP","-9.99","0.00","-9.99","","-8,430.68",""
"28/11/2023","22:57:07","GMT","Sky UK Limited","Pre-approved Payment Bill User Payment","Completed","GBP","-6.00","0.00","-6.00","","-8,436.68",""
"28/11/2023","22:57:07","GMT","Sky UK Limited","General Authorisation","Completed","GBP","-6.00","0.00","-6.00","","-8,436.68",""
"29/11/2023","12:00:31","GMT","Adobe Systems Software Ireland LTD","Pre-approved Payment Bill User Payment","Completed","GBP","-30.34","0.00","-30.34","","-8,467.02",""
"29/11/2023","12:00:31","GMT","Adobe Systems Software Ireland LTD","General Authorisation","Completed","GBP","-30.34","0.00","-30.34","","-8,467.02",""
"30/11/2023","23:15:33","GMT","UBER PAYMENTS UK LIMITED","Pre-approved Payment Bill User Payment","Completed","GBP","-25.90","0.00","-25.90","","-8,492.92",""
"30/11/2023","23:15:33","GMT","UBER PAYMENTS UK LIMITED","General Authorisation","Completed","GBP","-25.90","0.00","-25.90","","-8,492.92",""
"01/12/2023","11:52:03","GMT","Patreon DLC Limited","Pre-approved Payment Bill User Payment","Completed","GBP","-8.40","0.00","-8.40","","-8,501.32",""
"02/12/2023","05:05:42","GMT","Microsoft Payments Unlimited Company","Pre-approved Payment Bill User Payment","Completed","GBP","-12.99","0.00","-12.99","","-8,514.31",""
"03/12/2023","18:58:19","GMT","Adobe Systems Software Ireland LTD","Pre-approved Payment Bill User Payment","Completed","GBP","-51.98","0.00","-51.98","","-8,566.29",""
"03/12/2023","18:58:19","GMT","Adobe Systems Software Ireland LTD","General Authorisation","Completed","GBP","-51.98","0.00","-51.98","","-8,566.29",""
"03/12/2023","22:37:58","GMT","Google","Pre-approved Payment Bill User Payment","Completed","GBP","-4.99","0.00","-4.99","","-8,571.28",""
"05/12/2023","18:39:32","GMT","Google","Pre-approved Payment Bill User Payment","Completed","GBP","-12.99","0.00","-12.99","","-8,584.27",""
"05/12/2023","22:20:50","GMT","Codecademy, LLC","Pre-approved Payment Bill User Payment","Completed","GBP","-191.88","0.00","-191.88","","-8,776.15",""
"07/12/2023","02:35:40","GMT","NETFLIX SERVICES UK LIMITED","Pre-approved Payment Bill User Payment","Completed","GBP","-10.99","0.00","-10.99","","-8,787.14",""
"07/12/2023","21:09:35","GMT","LIME TECHNOLOGY LIMITED","Pre-approved Payment Bill User Payment","Completed","GBP","-4.51","0.00","-4.51","","-8,791.65",""
"08/12/2023","05:01:16","GMT","Grocery Delivery E-Services UK Ltd.","Pre-approved Payment Bill User Payment","Completed","GBP","-22.47","0.00","-22.47","","-8,814.12",""
"08/12/2023","21:06:34","GMT","LIME TECHNOLOGY LIMITED","Pre-approved Payment Bill User Payment","Completed","GBP","-5.99","0.00","-5.99","","-8,820.11",""
"09/12/2023","17:11:16","GMT","Canva Pty Limited","Pre-approved Payment Bill User Payment","Completed","GBP","-10.99","0.00","-10.99","","-8,831.10",""
"09/12/2023","23:27:51","GMT","www.steampowered.com","Express Checkout Payment","Completed","GBP","-9.25","0.00","-9.25","","-8,840.35",""
"10/12/2023","19:14:05","GMT","size.co.uk","Express Checkout Payment","Completed","GBP","-215.00","0.00","-215.00","","-9,055.35",""
"10/12/2023","19:14:05","GMT","","PayPal Buyer Credit Payment Funding","Completed","GBP","215.00","0.00","215.00","","-8,840.35",""
"10/12/2023","19:29:41","GMT","554 PayPal UK","General Payment","Completed","GBP","-71.67","0.00","-71.67","","-8,912.02",""
"10/12/2023","19:29:41","GMT","","General Credit Card Deposit","Completed","GBP","71.67","0.00","71.67","","-8,840.35",""
"10/12/2023","19:29:41","GMT","554 PayPal UK","General Authorisation","Completed","GBP","-71.67","0.00","-71.67","","-8,840.35",""
"12/12/2023","04:32:30","GMT","JUSTEAT.CO.UK LTD","Express Checkout Payment","Completed","GBP","-11.77","0.00","-11.77","","-8,852.12",""
"12/12/2023","04:32:30","GMT","JUSTEAT.CO.UK LTD","General Authorisation","Completed","GBP","-11.77","0.00","-11.77","","-8,852.12",""
"13/12/2023","00:28:15","GMT","The Washington Post","Pre-approved Payment Bill User Payment","Completed","GBP","-6.00","0.00","-6.00","","-8,858.12",""
"13/12/2023","01:23:38","GMT","JUSTEAT.CO.UK LTD","Express Checkout Payment","Completed","GBP","-14.60","0.00","-14.60","","-8,872.72",""
"13/12/2023","01:23:38","GMT","JUSTEAT.CO.UK LTD","General Authorisation","Completed","GBP","-14.60","0.00","-14.60","","-8,872.72",""
"13/12/2023","21:31:09","GMT","LIME TECHNOLOGY LIMITED","Pre-approved Payment Bill User Payment","Completed","GBP","-2.62","0.00","-2.62","","-8,875.34",""
"15/12/2023","02:05:00","GMT","JUSTEAT.CO.UK LTD","Express Checkout Payment","Completed","GBP","-21.15","0.00","-21.15","","-8,896.49",""
"15/12/2023","02:05:00","GMT","JUSTEAT.CO.UK LTD","General Authorisation","Completed","GBP","-21.15","0.00","-21.15","","-8,896.49",""
"16/12/2023","03:13:56","GMT","Grocery Delivery E-Services UK Ltd.","Pre-approved Payment Bill User Payment","Completed","GBP","-25.37","0.00","-25.37","","-8,921.86",""
"16/12/2023","12:22:04","GMT","LIME TECHNOLOGY LIMITED","Pre-approved Payment Bill User Payment","Completed","GBP","-3.43","0.00","-3.43","","-8,925.29",""
"16/12/2023","13:07:28","GMT","News UK and Ireland Limited","Pre-approved Payment Bill User Payment","Completed","GBP","-26.00","0.00","-26.00","","-8,951.29",""
"19/12/2023","08:29:11","GMT","Abellio East Anglia Limited","Express Checkout Payment","Completed","GBP","-34.60","0.00","-34.60","","-8,985.89",""
"20/12/2023","22:21:53","GMT","JUSTEAT.CO.UK LTD","Payment Refund","Completed","GBP","11.77","0.00","11.77","","-8,974.12",""
"21/12/2023","10:22:19","GMT","","User Initiated Withdrawal","Completed","GBP","-11.77","0.00","-11.77","","-8,974.12",""
"22/12/2023","18:06:45","GMT","SONY INTERACTIVE ENTERTAINMENT NETWORK EUROPE LIMITED","Pre-approved Payment Bill User Payment","Completed","GBP","-3.99","0.00","-3.99","","-8,978.11",""
"24/12/2023","02:10:20","GMT","Google","Pre-approved Payment Bill User Payment","Completed","GBP","-1.59","0.00","-1.59","","-8,979.70",""
"24/12/2023","02:31:05","GMT","UBER PAYMENTS UK LIMITED","Pre-approved Payment Bill User Payment","Completed","GBP","-19.98","0.00","-19.98","","-8,999.68",""
"24/12/2023","02:31:13","GMT","UBER PAYMENTS UK LIMITED","Void of Authorisation","Reversed","GBP","-1.00","0.00","-1.00","","-8,999.68",""
"24/12/2023","02:45:20","GMT","UBER PAYMENTS UK LIMITED","Pre-approved Payment Bill User Payment","Completed","GBP","-5.41","0.00","-5.41","","-9,005.09",""
"24/12/2023","02:45:23","GMT","UBER PAYMENTS UK LIMITED","Void of Authorisation","Reversed","GBP","-1.00","0.00","-1.00","","-9,005.09",""
"24/12/2023","02:55:03","GMT","UBER PAYMENTS UK LIMITED","Pre-approved Payment Bill User Payment","Completed","GBP","-9.97","0.00","-9.97","","-9,015.06",""
"24/12/2023","02:55:07","GMT","UBER PAYMENTS UK LIMITED","Void of Authorisation","Reversed","GBP","-1.00","0.00","-1.00","","-9,015.06",""
"24/12/2023","07:15:44","GMT","UBER PAYMENTS UK LIMITED","Pre-approved Payment Bill User Payment","Completed","GBP","-16.90","0.00","-16.90","","-9,031.96",""
"24/12/2023","07:15:47","GMT","UBER PAYMENTS UK LIMITED","Void of Authorisation","Reversed","GBP","-1.00","0.00","-1.00","","-9,031.96",""
"24/12/2023","21:13:44","GMT","JUSTEAT.CO.UK LTD","Express Checkout Payment","Completed","GBP","-16.25","0.00","-16.25","","-9,048.21",""
"24/12/2023","21:13:44","GMT","JUSTEAT.CO.UK LTD","General Authorisation","Completed","GBP","-16.25","0.00","-16.25","","-9,048.21",""
"27/12/2023","11:38:38","GMT","UBER PAYMENTS UK LIMITED","Pre-approved Payment Bill User Payment","Completed","GBP","-18.99","0.00","-18.99","","-9,067.20",""
"27/12/2023","11:38:42","GMT","UBER PAYMENTS UK LIMITED","Void of Authorisation","Reversed","GBP","-1.00","0.00","-1.00","","-9,067.20",""
"27/12/2023","14:32:22","GMT","UBER PAYMENTS UK LIMITED","Pre-approved Payment Bill User Payment","Completed","GBP","-5.95","0.00","-5.95","","-9,073.15",""
"27/12/2023","14:32:26","GMT","UBER PAYMENTS UK LIMITED","Void of Authorisation","Reversed","GBP","-1.00","0.00","-1.00","","-9,073.15",""
"27/12/2023","22:56:24","GMT","Sky UK Limited","Pre-approved Payment Bill User Payment","Completed","GBP","-9.99","0.00","-9.99","","-9,083.14",""
"27/12/2023","22:56:24","GMT","Sky UK Limited","General Authorisation","Completed","GBP","-9.99","0.00","-9.99","","-9,083.14",""
"28/12/2023","00:20:25","GMT","JUSTEAT.CO.UK LTD","Express Checkout Payment","Completed","GBP","-27.00","0.00","-27.00","","-9,110.14",""
"28/12/2023","00:20:25","GMT","JUSTEAT.CO.UK LTD","General Authorisation","Completed","GBP","-27.00","0.00","-27.00","","-9,110.14",""
"28/12/2023","06:05:59","GMT","UBER PAYMENTS UK LIMITED","Pre-approved Payment Bill User Payment","Completed","GBP","-34.21","0.00","-34.21","","-9,144.35",""
"28/12/2023","06:06:02","GMT","UBER PAYMENTS UK LIMITED","Void of Authorisation","Reversed","GBP","-1.00","0.00","-1.00","","-9,144.35",""
"28/12/2023","22:56:03","GMT","Sky UK Limited","Pre-approved Payment Bill User Payment","Completed","GBP","-6.00","0.00","-6.00","","-9,150.35",""
"28/12/2023","22:56:03","GMT","Sky UK Limited","General Authorisation","Completed","GBP","-6.00","0.00","-6.00","","-9,150.35",""
"29/12/2023","00:15:49","GMT","JUSTEAT.CO.UK LTD","Express Checkout Payment","Completed","GBP","-27.58","0.00","-27.58","","-9,177.93",""
"29/12/2023","00:15:49","GMT","JUSTEAT.CO.UK LTD","General Authorisation","Completed","GBP","-27.58","0.00","-27.58","","-9,177.93",""
"30/12/2023","11:39:46","GMT","Adobe Systems Software Ireland LTD","Pre-approved Payment Bill User Payment","Completed","GBP","-30.34","0.00","-30.34","","-9,208.27",""
"30/12/2023","11:39:46","GMT","Adobe Systems Software Ireland LTD","General Authorisation","Completed","GBP","-30.34","0.00","-30.34","","-9,208.27",""
"30/12/2023","22:42:58","GMT","UBER PAYMENTS UK LIMITED","Pre-approved Payment Bill User Payment","Completed","GBP","-12.06","0.00","-12.06","","-9,220.33",""
"30/12/2023","22:43:01","GMT","UBER PAYMENTS UK LIMITED","Void of Authorisation","Reversed","GBP","-1.00","0.00","-1.00","","-9,220.33",""
"01/01/2024","11:50:13","GMT","Patreon DLC Limited","Pre-approved Payment Bill User Payment","Completed","GBP","-8.40","0.00","-8.40","","-9,228.73",""
"01/01/2024","16:32:09","GMT","Microsoft Payments Unlimited Company","Pre-approved Payment Bill User Payment","Completed","GBP","-12.99","0.00","-12.99","","-9,241.72",""
"03/01/2024","16:52:28","GMT","Adobe Systems Software Ireland LTD","Pre-approved Payment Bill User Payment","Completed","GBP","-51.98","0.00","-51.98","","-9,293.70",""
"03/01/2024","16:52:28","GMT","Adobe Systems Software Ireland LTD","General Authorisation","Completed","GBP","-51.98","0.00","-51.98","","-9,293.70",""
"03/01/2024","22:37:59","GMT","Google","Pre-approved Payment Bill User Payment","Completed","GBP","-4.99","0.00","-4.99","","-9,298.69",""
"05/01/2024","18:39:32","GMT","Google","Pre-approved Payment Bill User Payment","Completed","GBP","-12.99","0.00","-12.99","","-9,311.68",""
"07/01/2024","01:56:52","GMT","NETFLIX SERVICES UK LIMITED","Pre-approved Payment Bill User Payment","Completed","GBP","-10.99","0.00","-10.99","","-9,322.67",""
"09/01/2024","17:11:23","GMT","Canva Pty Limited","Pre-approved Payment Bill User Payment","Completed","GBP","-10.99","0.00","-10.99","","-9,333.66",""
"10/01/2024","00:28:48","GMT","The Washington Post","Pre-approved Payment Bill User Payment","Completed","GBP","-6.00","0.00","-6.00","","-9,339.66",""
"10/01/2024","05:07:14","GMT","554 PayPal UK","General Payment","Completed","GBP","-71.67","0.00","-71.67","","-9,411.33",""
"10/01/2024","05:07:14","GMT","","General Credit Card Deposit","Completed","GBP","71.67","0.00","71.67","","-9,339.66",""
"12/01/2024","16:41:06","GMT","Automattic Inc.","Pre-approved Payment Bill User Payment","Completed","GBP","-19.20","0.00","-19.20","","-9,358.86",""
"12/01/2024","21:29:49","GMT","JUSTEAT.CO.UK LTD","Express Checkout Payment","Completed","GBP","-21.52","0.00","-21.52","","-9,380.38",""
"12/01/2024","21:29:49","GMT","JUSTEAT.CO.UK LTD","General Authorisation","Completed","GBP","-21.52","0.00","-21.52","","-9,380.38",""
"13/01/2024","03:27:47","GMT","Grocery Delivery E-Services UK Ltd.","Pre-approved Payment Bill User Payment","Completed","GBP","-31.97","0.00","-31.97","","-9,412.35",""
"16/01/2024","13:06:50","GMT","News UK and Ireland Limited","Pre-approved Payment Bill User Payment","Completed","GBP","-26.00","0.00","-26.00","","-9,438.35",""
"18/01/2024","19:45:22","GMT","UBER PAYMENTS UK LIMITED","Pre-approved Payment Bill User Payment","Completed","GBP","-14.68","0.00","-14.68","","-9,453.03",""
"18/01/2024","19:45:22","GMT","UBER PAYMENTS UK LIMITED","General Authorisation","Completed","GBP","-14.68","0.00","-14.68","","-9,453.03",""
"20/01/2024","03:28:53","GMT","Grocery Delivery E-Services UK Ltd.","Pre-approved Payment Bill User Payment","Completed","GBP","-31.97","0.00","-31.97","","-9,485.00",""
"20/01/2024","23:44:03","GMT","UBER PAYMENTS UK LIMITED","Pre-approved Payment Bill User Payment","Completed","GBP","-23.10","0.00","-23.10","","-9,508.10",""
"20/01/2024","23:44:03","GMT","UBER PAYMENTS UK LIMITED","General Authorisation","Completed","GBP","-23.10","0.00","-23.10","","-9,508.10",""
"22/01/2024","18:06:37","GMT","SONY INTERACTIVE ENTERTAINMENT NETWORK EUROPE LIMITED","Pre-approved Payment Bill User Payment","Completed","GBP","-3.99","0.00","-3.99","","-9,512.09",""
"23/01/2024","14:35:03","GMT","www.steampowered.com","Pre-approved Payment Bill User Payment","Completed","GBP","-22.49","0.00","-22.49","","-9,534.58",""
"24/01/2024","02:10:20","GMT","Google","Pre-approved Payment Bill User Payment","Completed","GBP","-1.59","0.00","-1.59","","-9,536.17",""
"26/01/2024","17:08:45","GMT","UBER PAYMENTS UK LIMITED","Pre-approved Payment Bill User Payment","Completed","GBP","-37.13","0.00","-37.13","","-9,573.30",""
"26/01/2024","17:08:45","GMT","UBER PAYMENTS UK LIMITED","General Authorisation","Completed","GBP","-37.13","0.00","-37.13","","-9,573.30",""
"27/01/2024","05:40:43","GMT","UBER PAYMENTS UK LIMITED","Pre-approved Payment Bill User Payment","Completed","GBP","-15.64","0.00","-15.64","","-9,588.94",""
"27/01/2024","05:40:43","GMT","UBER PAYMENTS UK LIMITED","General Authorisation","Completed","GBP","-15.64","0.00","-15.64","","-9,588.94",""
"27/01/2024","23:41:42","GMT","Sky UK Limited","Pre-approved Payment Bill User Payment","Completed","GBP","-9.99","0.00","-9.99","","-9,598.93",""
"27/01/2024","23:41:42","GMT","Sky UK Limited","General Authorisation","Completed","GBP","-9.99","0.00","-9.99","","-9,598.93",""
"28/01/2024","22:57:02","GMT","Sky UK Limited","Pre-approved Payment Bill User Payment","Completed","GBP","-6.00","0.00","-6.00","","-9,604.93",""
"28/01/2024","22:57:02","GMT","Sky UK Limited","General Authorisation","Completed","GBP","-6.00","0.00","-6.00","","-9,604.93",""
"30/01/2024","12:19:32","GMT","Adobe Systems Software Ireland LTD","Pre-approved Payment Bill User Payment","Completed","GBP","-30.34","0.00","-30.34","","-9,635.27",""
"30/01/2024","12:19:32","GMT","Adobe Systems Software Ireland LTD","General Authorisation","Completed","GBP","-30.34","0.00","-30.34","","-9,635.27",""
"01/02/2024","02:11:56","GMT","Microsoft Payments Unlimited Company","Pre-approved Payment Bill User Payment","Completed","GBP","-12.99","0.00","-12.99","","-9,648.26",""
"01/02/2024","11:33:29","GMT","Patreon DLC Limited","Pre-approved Payment Bill User Payment","Completed","GBP","-8.40","0.00","-8.40","","-9,656.66",""
"02/02/2024","00:13:12","GMT","JUSTEAT.CO.UK LTD","Express Checkout Payment","Completed","GBP","-12.62","0.00","-12.62","","-9,669.28",""
"02/02/2024","00:13:12","GMT","JUSTEAT.CO.UK LTD","General Authorisation","Completed","GBP","-12.62","0.00","-12.62","","-9,669.28",""
"03/02/2024","05:29:46","GMT","UBER PAYMENTS UK LIMITED","Pre-approved Payment Bill User Payment","Completed","GBP","-16.77","0.00","-16.77","","-9,686.05",""
"03/02/2024","05:29:49","GMT","UBER PAYMENTS UK LIMITED","Void of Authorisation","Reversed","GBP","-1.00","0.00","-1.00","","-9,686.05",""
"03/02/2024","10:57:09","GMT","UBER PAYMENTS UK LIMITED","Void of Authorisation","Reversed","GBP","-0.86","0.00","-0.86","","-9,686.05",""
"03/02/2024","16:28:56","GMT","Adobe Systems Software Ireland LTD","Pre-approved Payment Bill User Payment","Completed","GBP","-51.98","0.00","-51.98","","-9,738.03",""
"03/02/2024","16:28:56","GMT","Adobe Systems Software Ireland LTD","General Authorisation","Completed","GBP","-51.98","0.00","-51.98","","-9,738.03",""
"03/02/2024","22:38:01","GMT","Google","Pre-approved Payment Bill User Payment","Completed","GBP","-4.99","0.00","-4.99","","-9,743.02",""
"04/02/2024","21:29:51","GMT","JUSTEAT.CO.UK LTD","Express Checkout Payment","Completed","GBP","-15.45","0.00","-15.45","","-9,758.47",""
"04/02/2024","21:29:51","GMT","JUSTEAT.CO.UK LTD","General Authorisation","Completed","GBP","-15.45","0.00","-15.45","","-9,758.47",""
"05/02/2024","11:02:06","GMT","UBER PAYMENTS UK LIMITED","Pre-approved Payment Bill User Payment","Completed","GBP","-14.36","0.00","-14.36","","-9,772.83",""
"05/02/2024","11:02:10","GMT","UBER PAYMENTS UK LIMITED","Void of Authorisation","Reversed","GBP","-1.00","0.00","-1.00","","-9,772.83",""
"05/02/2024","18:39:33","GMT","Google","Pre-approved Payment Bill User Payment","Completed","GBP","-12.99","0.00","-12.99","","-9,785.82",""
"05/02/2024","23:21:38","GMT","JUSTEAT.CO.UK LTD","Express Checkout Payment","Completed","GBP","-18.79","0.00","-18.79","","-9,804.61",""
"05/02/2024","23:21:38","GMT","JUSTEAT.CO.UK LTD","General Authorisation","Completed","GBP","-18.79","0.00","-18.79","","-9,804.61",""
"07/02/2024","00:27:59","GMT","The Washington Post","Pre-approved Payment Bill User Payment","Completed","GBP","-6.00","0.00","-6.00","","-9,810.61",""
"07/02/2024","02:49:20","GMT","NETFLIX SERVICES UK LIMITED","Pre-approved Payment Bill User Payment","Completed","GBP","-10.99","0.00","-10.99","","-9,821.60",""
"08/02/2024","02:29:01","GMT","JUSTEAT.CO.UK LTD","Express Checkout Payment","Completed","GBP","-13.47","0.00","-13.47","","-9,835.07",""
"08/02/2024","02:29:01","GMT","JUSTEAT.CO.UK LTD","General Authorisation","Completed","GBP","-13.47","0.00","-13.47","","-9,835.07",""
"09/02/2024","04:44:17","GMT","JUSTEAT.CO.UK LTD","Express Checkout Payment","Completed","GBP","-20.89","0.00","-20.89","","-9,855.96",""
"09/02/2024","04:44:17","GMT","JUSTEAT.CO.UK LTD","General Authorisation","Completed","GBP","-20.89","0.00","-20.89","","-9,855.96",""
"09/02/2024","17:10:52","GMT","Canva Pty Limited","Pre-approved Payment Bill User Payment","Completed","GBP","-10.99","0.00","-10.99","","-9,866.95",""
"09/02/2024","23:25:20","GMT","UBER PAYMENTS UK LIMITED","Void of Authorisation","Reversed","GBP","-6.22","0.00","-6.22","","-9,866.95",""
"09/02/2024","23:53:19","GMT","UBER PAYMENTS UK LIMITED","Pre-approved Payment Bill User Payment","Completed","GBP","-19.68","0.00","-19.68","","-9,886.63",""
"09/02/2024","23:53:19","GMT","UBER PAYMENTS UK LIMITED","General Authorisation","Completed","GBP","-19.68","0.00","-19.68","","-9,886.63",""
"10/02/2024","03:25:54","GMT","Grocery Delivery E-Services UK Ltd.","Pre-approved Payment Bill User Payment","Completed","GBP","-37.97","0.00","-37.97","","-9,924.60",""
"10/02/2024","05:10:10","GMT","554 PayPal UK","General Payment","Completed","GBP","-71.66","0.00","-71.66","","-9,996.26",""
"10/02/2024","05:10:10","GMT","","General Credit Card Deposit","Completed","GBP","71.66","0.00","71.66","","-9,924.60",""
"14/02/2024","03:34:22","GMT","JUSTEAT.CO.UK LTD","Express Checkout Payment","Completed","GBP","-14.73","0.00","-14.73","","-9,939.33",""
"14/02/2024","03:34:22","GMT","JUSTEAT.CO.UK LTD","General Authorisation","Completed","GBP","-14.73","0.00","-14.73","","-9,939.33",""
"15/02/2024","19:09:24","GMT","LIME TECHNOLOGY LIMITED","Pre-approved Payment Bill User Payment","Completed","GBP","-2.16","0.00","-2.16","","-9,941.49",""
"16/02/2024","03:36:03","GMT","JUSTEAT.CO.UK LTD","Express Checkout Payment","Completed","GBP","-21.06","0.00","-21.06","","-9,962.55",""
"16/02/2024","03:36:03","GMT","JUSTEAT.CO.UK LTD","General Authorisation","Completed","GBP","-21.06","0.00","-21.06","","-9,962.55",""
"16/02/2024","13:07:29","GMT","News UK and Ireland Limited","Pre-approved Payment Bill User Payment","Completed","GBP","-26.00","0.00","-26.00","","-9,988.55",""
"17/02/2024","03:16:02","GMT","Grocery Delivery E-Services UK Ltd.","Pre-approved Payment Bill User Payment","Completed","GBP","-37.97","0.00","-37.97","","-10,026.52",""
"18/02/2024","16:12:15","GMT","www.steampowered.com","Pre-approved Payment Bill User Payment","Completed","GBP","-4.99","0.00","-4.99","","-10,031.51",""
"19/02/2024","07:52:59","GMT","Bluehost.com","Pre-approved Payment Bill User Payment","Completed","GBP","-308.41","0.00","-308.41","","-10,339.92",""
"20/02/2024","02:18:22","GMT","JUSTEAT.CO.UK LTD","Express Checkout Payment","Completed","GBP","-31.44","0.00","-31.44","","-10,371.36",""
"20/02/2024","02:18:22","GMT","JUSTEAT.CO.UK LTD","General Authorisation","Completed","GBP","-31.44","0.00","-31.44","","-10,371.36",""
"22/02/2024","11:20:53","GMT","Brainstorm Force US LLC","Subscription Payment","Completed","USD","-59.00","0.00","-59.00","","-59.00",""
"22/02/2024","11:20:53","GMT","","General Currency Conversion","Completed","GBP","-48.78","0.00","-48.78","","-10,420.14",""
"22/02/2024","11:20:53","GMT","","General Currency Conversion","Completed","USD","59.00","0.00","59.00","","0.00",""
"22/02/2024","18:07:01","GMT","SONY INTERACTIVE ENTERTAINMENT NETWORK EUROPE LIMITED","Pre-approved Payment Bill User Payment","Completed","GBP","-3.99","0.00","-3.99","","-10,424.13",""
"23/02/2024","09:44:41","GMT","","Reversal of ACH Deposit","Completed","GBP","-308.41","0.00","-308.41","","-10,732.54",""
"23/02/2024","09:44:41","GMT","","General Credit Card Deposit","Completed","GBP","308.41","0.00","308.41","","-10,424.13",""
"24/02/2024","02:10:20","GMT","Google","Pre-approved Payment Bill User Payment","Completed","GBP","-1.59","0.00","-1.59","","-10,425.72",""
"24/02/2024","03:15:51","GMT","Grocery Delivery E-Services UK Ltd.","Pre-approved Payment Bill User Payment","Completed","GBP","-37.97","0.00","-37.97","","-10,463.69",""
"24/02/2024","13:16:54","GMT","www.steampowered.com","Pre-approved Payment Bill User Payment","Completed","GBP","-24.99","0.00","-24.99","","-10,488.68",""
"25/02/2024","03:13:21","GMT","JUSTEAT.CO.UK LTD","Express Checkout Payment","Completed","GBP","-11.31","0.00","-11.31","","-10,499.99",""
"25/02/2024","03:13:21","GMT","JUSTEAT.CO.UK LTD","General Authorisation","Completed","GBP","-11.31","0.00","-11.31","","-10,499.99",""
"27/02/2024","23:01:11","GMT","Sky UK Limited","Pre-approved Payment Bill User Payment","Completed","GBP","-9.99","0.00","-9.99","","-10,509.98",""
"27/02/2024","23:01:11","GMT","Sky UK Limited","General Authorisation","Completed","GBP","-9.99","0.00","-9.99","","-10,509.98",""
"28/02/2024","15:19:30","GMT","Adobe Systems Software Ireland LTD","Pre-approved Payment Bill User Payment","Completed","GBP","-30.34","0.00","-30.34","","-10,540.32",""
"28/02/2024","15:19:30","GMT","Adobe Systems Software Ireland LTD","General Authorisation","Completed","GBP","-30.34","0.00","-30.34","","-10,540.32",""
"28/02/2024","23:01:26","GMT","Sky UK Limited","Pre-approved Payment Bill User Payment","Completed","GBP","-6.00","0.00","-6.00","","-10,546.32",""
"28/02/2024","23:01:26","GMT","Sky UK Limited","General Authorisation","Completed","GBP","-6.00","0.00","-6.00","","-10,546.32",""
"02/03/2024","03:15:52","GMT","Grocery Delivery E-Services UK Ltd.","Pre-approved Payment Bill User Payment","Completed","GBP","-37.97","0.00","-37.97","","-10,584.29",""
"02/03/2024","04:56:14","GMT","UBER PAYMENTS UK LIMITED","Pre-approved Payment Bill User Payment","Completed","GBP","-59.99","0.00","-59.99","","-10,644.28",""
"02/03/2024","04:56:14","GMT","UBER PAYMENTS UK LIMITED","General Authorisation","Completed","GBP","-59.99","0.00","-59.99","","-10,644.28",""
"02/03/2024","05:47:27","GMT","Microsoft Payments Unlimited Company","Pre-approved Payment Bill User Payment","Completed","GBP","-12.99","0.00","-12.99","","-10,657.27",""
"02/03/2024","05:55:34","GMT","JUSTEAT.CO.UK LTD","Express Checkout Payment","Completed","GBP","-18.47","0.00","-18.47","","-10,675.74",""
"02/03/2024","05:55:34","GMT","JUSTEAT.CO.UK LTD","General Authorisation","Completed","GBP","-18.47","0.00","-18.47","","-10,675.74",""
"03/03/2024","17:06:37","GMT","Adobe Systems Software Ireland LTD","Pre-approved Payment Bill User Payment","Completed","GBP","-51.98","0.00","-51.98","","-10,727.72",""
"03/03/2024","17:06:37","GMT","Adobe Systems Software Ireland LTD","General Authorisation","Completed","GBP","-51.98","0.00","-51.98","","-10,727.72",""
"03/03/2024","22:37:58","GMT","Google","Pre-approved Payment Bill User Payment","Completed","GBP","-4.99","0.00","-4.99","","-10,732.71",""
"05/03/2024","18:39:32","GMT","Google","Pre-approved Payment Bill User Payment","Completed","GBP","-12.99","0.00","-12.99","","-10,745.70",""
"06/03/2024","00:28:05","GMT","The Washington Post","Pre-approved Payment Bill User Payment","Completed","GBP","-6.00","0.00","-6.00","","-10,751.70",""
"07/03/2024","04:24:09","GMT","NETFLIX SERVICES UK LIMITED","Pre-approved Payment Bill User Payment","Completed","GBP","-10.99","0.00","-10.99","","-10,762.69",""
"09/03/2024","17:11:16","GMT","Canva Pty Limited","Pre-approved Payment Bill User Payment","Completed","GBP","-10.99","0.00","-10.99","","-10,773.68",""
"09/03/2024","20:45:09","GMT","UBER PAYMENTS UK LIMITED","Pre-approved Payment Bill User Payment","Completed","GBP","-17.19","0.00","-17.19","","-10,790.87",""
"09/03/2024","20:45:14","GMT","UBER PAYMENTS UK LIMITED","Void of Authorisation","Reversed","GBP","-1.00","0.00","-1.00","","-10,790.87",""
"10/03/2024","03:56:54","GMT","JUSTEAT.CO.UK LTD","Express Checkout Payment","Completed","GBP","-16.44","0.00","-16.44","","-10,807.31",""
"10/03/2024","03:56:54","GMT","JUSTEAT.CO.UK LTD","General Authorisation","Completed","GBP","-16.44","0.00","-16.44","","-10,807.31",""
"16/03/2024","04:19:48","GMT","JUSTEAT.CO.UK LTD","Express Checkout Payment","Completed","GBP","-16.64","0.00","-16.64","","-10,823.95",""
"16/03/2024","04:19:48","GMT","JUSTEAT.CO.UK LTD","General Authorisation","Completed","GBP","-16.64","0.00","-16.64","","-10,823.95",""
"16/03/2024","12:07:06","GMT","News UK and Ireland Limited","Pre-approved Payment Bill User Payment","Completed","GBP","-26.00","0.00","-26.00","","-10,849.95",""
"21/03/2024","16:00:18","GMT","Grammarly.com","Pre-approved Payment Bill User Payment","Completed","USD","-139.95","0.00","-139.95","","-139.95",""
"21/03/2024","16:00:18","GMT","","General Currency Conversion","Completed","GBP","-114.96","0.00","-114.96","","-10,964.91",""
"21/03/2024","16:00:18","GMT","","General Currency Conversion","Completed","USD","139.95","0.00","139.95","","0.00",""
"21/03/2024","16:00:18","GMT","Grammarly.com","General Authorisation","Completed","USD","-139.95","0.00","-139.95","","0.00",""
"22/03/2024","18:06:33","GMT","SONY INTERACTIVE ENTERTAINMENT NETWORK EUROPE LIMITED","Pre-approved Payment Bill User Payment","Completed","GBP","-3.99","0.00","-3.99","","-10,968.90",""
"24/03/2024","02:10:19","GMT","Google","Pre-approved Payment Bill User Payment","Completed","GBP","-1.59","0.00","-1.59","","-10,970.49",""
"26/03/2024","00:51:24","GMT","JUSTEAT.CO.UK LTD","Express Checkout Payment","Completed","GBP","-13.18","0.00","-13.18","","-10,983.67",""
"26/03/2024","00:51:24","GMT","JUSTEAT.CO.UK LTD","General Authorisation","Completed","GBP","-13.18","0.00","-13.18","","-10,983.67",""
"27/03/2024","23:01:14","GMT","Sky UK Limited","Pre-approved Payment Bill User Payment","Completed","GBP","-9.99","0.00","-9.99","","-10,993.66",""
"27/03/2024","23:01:14","GMT","Sky UK Limited","General Authorisation","Completed","GBP","-9.99","0.00","-9.99","","-10,993.66",""
"28/03/2024","23:01:38","GMT","Sky UK Limited","Pre-approved Payment Bill User Payment","Completed","GBP","-6.00","0.00","-6.00","","-10,999.66",""
"28/03/2024","23:01:38","GMT","Sky UK Limited","General Authorisation","Completed","GBP","-6.00","0.00","-6.00","","-10,999.66",""
"29/03/2024","23:50:19","GMT","JUSTEAT.CO.UK LTD","Express Checkout Payment","Completed","GBP","-11.79","0.00","-11.79","","-11,011.45",""
"29/03/2024","23:50:19","GMT","JUSTEAT.CO.UK LTD","General Authorisation","Completed","GBP","-11.79","0.00","-11.79","","-11,011.45",""
"30/03/2024","10:49:18","GMT","Adobe Systems Software Ireland LTD","Pre-approved Payment Bill User Payment","Completed","GBP","-30.34","0.00","-30.34","","-11,041.79",""
"30/03/2024","10:49:18","GMT","Adobe Systems Software Ireland LTD","General Authorisation","Completed","GBP","-30.34","0.00","-30.34","","-11,041.79",""
"01/04/2024","17:34:50","BST","Microsoft Payments Unlimited Company","Pre-approved Payment Bill User Payment","Completed","GBP","-12.99","0.00","-12.99","","-11,054.78",""
"03/04/2024","00:28:28","BST","The Washington Post","Pre-approved Payment Bill User Payment","Completed","GBP","-6.00","0.00","-6.00","","-11,060.78",""
"03/04/2024","16:18:12","BST","Adobe Systems Software Ireland LTD","Pre-approved Payment Bill User Payment","Completed","GBP","-51.98","0.00","-51.98","","-11,112.76",""
"03/04/2024","16:18:12","BST","Adobe Systems Software Ireland LTD","General Authorisation","Completed","GBP","-51.98","0.00","-51.98","","-11,112.76",""
"03/04/2024","23:37:59","BST","Google","Pre-approved Payment Bill User Payment","Completed","GBP","-4.99","0.00","-4.99","","-11,117.75",""
"05/04/2024","18:39:32","BST","Google","Pre-approved Payment Bill User Payment","Completed","GBP","-12.99","0.00","-12.99","","-11,130.74",""
"06/04/2024","02:01:09","BST","JUSTEAT.CO.UK LTD","Express Checkout Payment","Completed","GBP","-12.13","0.00","-12.13","","-11,142.87",""
"06/04/2024","02:01:09","BST","JUSTEAT.CO.UK LTD","General Authorisation","Completed","GBP","-12.13","0.00","-12.13","","-11,142.87",""
"07/04/2024","02:25:46","BST","NETFLIX SERVICES UK LIMITED","Pre-approved Payment Bill User Payment","Completed","GBP","-10.99","0.00","-10.99","","-11,153.86",""
"08/04/2024","02:54:50","BST","JUSTEAT.CO.UK LTD","Express Checkout Payment","Completed","GBP","-11.16","0.00","-11.16","","-11,165.02",""
"08/04/2024","02:54:50","BST","JUSTEAT.CO.UK LTD","General Authorisation","Completed","GBP","-11.16","0.00","-11.16","","-11,165.02",""
"09/04/2024","18:11:17","BST","Canva Pty Limited","Pre-approved Payment Bill User Payment","Completed","GBP","-10.99","0.00","-10.99","","-11,176.01",""
"13/04/2024","20:28:59","BST","Roofoods Ltd","Pre-approved Payment Bill User Payment","Completed","GBP","-34.20","0.00","-34.20","","-11,210.21",""
"13/04/2024","20:28:59","BST","Roofoods Ltd","General Authorisation","Completed","GBP","-34.20","0.00","-34.20","","-11,210.21",""
"14/04/2024","21:48:09","BST","Roofoods Ltd","Pre-approved Payment Bill User Payment","Completed","GBP","-14.61","0.00","-14.61","","-11,224.82",""
"14/04/2024","21:48:09","BST","Roofoods Ltd","General Authorisation","Completed","GBP","-15.70","0.00","-15.70","","-11,224.82",""
"16/04/2024","13:06:59","BST","News UK and Ireland Limited","Pre-approved Payment Bill User Payment","Completed","GBP","-26.00","0.00","-26.00","","-11,250.82",""
"18/04/2024","04:11:09","BST","JUSTEAT.CO.UK LTD","Express Checkout Payment","Completed","GBP","-14.27","0.00","-14.27","","-11,265.09",""
"18/04/2024","04:11:09","BST","JUSTEAT.CO.UK LTD","General Authorisation","Completed","GBP","-14.27","0.00","-14.27","","-11,265.09",""
"22/04/2024","19:06:33","BST","SONY INTERACTIVE ENTERTAINMENT NETWORK EUROPE LIMITED","Pre-approved Payment Bill User Payment","Completed","GBP","-3.99","0.00","-3.99","","-11,269.08",""
"24/04/2024","03:10:21","BST","Google","Pre-approved Payment Bill User Payment","Completed","GBP","-1.59","0.00","-1.59","","-11,270.67",""
"27/04/2024","06:23:55","BST","Adobe Systems Software Ireland LTD","Pre-approved Payment Bill User Payment","Completed","GBP","-19.97","0.00","-19.97","","-11,290.64",""
"27/04/2024","06:23:55","BST","Adobe Systems Software Ireland LTD","General Authorisation","Completed","GBP","-19.97","0.00","-19.97","","-11,290.64",""
"27/04/2024","08:36:13","BST","Adobe Systems Software Ireland LTD","Payment Refund","Completed","GBP","2.09","0.00","2.09","","-11,288.55",""
"27/04/2024","08:36:15","BST","Adobe Systems Software Ireland LTD","Payment Refund","Completed","GBP","19.97","0.00","19.97","","-11,268.58",""
"27/04/2024","08:36:37","BST","","Reversal of ACH Deposit","Completed","GBP","-19.97","0.00","-19.97","","-11,288.55",""
"27/04/2024","08:36:37","BST","","Reversal of ACH Withdrawal Transaction","Refused","GBP","19.97","0.00","19.97","","-11,268.58",""
"27/04/2024","08:36:37","BST","","User Initiated Withdrawal","Completed","GBP","-2.09","0.00","-2.09","","-11,268.58",""
"28/04/2024","08:02:31","BST","Sky UK Limited","Pre-approved Payment Bill User Payment","Completed","GBP","-9.99","0.00","-9.99","","-11,278.57",""
"28/04/2024","08:02:31","BST","Sky UK Limited","General Authorisation","Completed","GBP","-9.99","0.00","-9.99","","-11,278.57",""
"29/04/2024","08:04:35","BST","Sky UK Limited","Pre-approved Payment Bill User Payment","Completed","GBP","-6.00","0.00","-6.00","","-11,284.57",""
"29/04/2024","08:04:35","BST","Sky UK Limited","General Authorisation","Completed","GBP","-6.00","0.00","-6.00","","-11,284.57",""
"01/05/2024","00:28:19","BST","The Washington Post","Pre-approved Payment Bill User Payment","Completed","GBP","-6.00","0.00","-6.00","","-11,290.57",""
"02/05/2024","11:39:04","BST","Microsoft Payments Unlimited Company","Pre-approved Payment Bill User Payment","Completed","GBP","-12.99","0.00","-12.99","","-11,303.56",""
"03/05/2024","19:11:53","BST","Adobe Systems Software Ireland LTD","Pre-approved Payment Bill User Payment","Completed","GBP","-51.98","0.00","-51.98","","-11,355.54",""
"04/05/2024","05:13:32","BST","JUSTEAT.CO.UK LTD","Express Checkout Payment","Completed","GBP","-20.84","0.00","-20.84","","-11,376.38",""
"04/05/2024","05:13:32","BST","JUSTEAT.CO.UK LTD","General Authorisation","Completed","GBP","-20.84","0.00","-20.84","","-11,376.38",""
"05/05/2024","18:39:32","BST","Google","Pre-approved Payment Bill User Payment","Completed","GBP","-12.99","0.00","-12.99","","-11,389.37",""
"07/05/2024","04:13:50","BST","NETFLIX SERVICES UK LIMITED","Pre-approved Payment Bill User Payment","Completed","GBP","-10.99","0.00","-10.99","","-11,400.36",""
"16/05/2024","10:50:02","BST","Coursera Europe B.V.","Pre-approved Payment Bill User Payment","Completed","GBP","-38.00","0.00","-38.00","","-11,438.36",""
"16/05/2024","13:07:06","BST","News UK and Ireland Limited","Pre-approved Payment Bill User Payment","Completed","GBP","-26.00","0.00","-26.00","","-11,464.36",""
"21/05/2024","16:16:51","BST","CDK LLC","Express Checkout Payment","Completed","GBP","-17.99","0.00","-17.99","","-11,482.35",""
"21/05/2024","16:16:51","BST","CDK LLC","General Authorisation","Completed","GBP","-17.99","0.00","-17.99","","-11,482.35",""
"22/05/2024","19:06:20","BST","SONY INTERACTIVE ENTERTAINMENT NETWORK EUROPE LIMITED","Pre-approved Payment Bill User Payment","Completed","GBP","-3.99","0.00","-3.99","","-11,486.34",""
"24/05/2024","03:10:21","BST","Google","Pre-approved Payment Bill User Payment","Completed","GBP","-1.59","0.00","-1.59","","-11,487.93",""
"28/05/2024","08:05:59","BST","Sky UK Limited","Pre-approved Payment Bill User Payment","Completed","GBP","-9.99","0.00","-9.99","","-11,497.92",""
"28/05/2024","08:05:59","BST","Sky UK Limited","General Authorisation","Completed","GBP","-9.99","0.00","-9.99","","-11,497.92",""
"29/05/2024","08:04:13","BST","Sky UK Limited","Pre-approved Payment Bill User Payment","Completed","GBP","-6.00","0.00","-6.00","","-11,503.92",""
"29/05/2024","08:04:13","BST","Sky UK Limited","General Authorisation","Completed","GBP","-6.00","0.00","-6.00","","-11,503.92",""
"01/06/2024","10:36:59","BST","Microsoft Payments Unlimited Company","Pre-approved Payment Bill User Payment","Completed","GBP","-12.99","0.00","-12.99","","-11,516.91",""
"03/06/2024","15:58:38","BST","Adobe Systems Software Ireland LTD","Pre-approved Payment Bill User Payment","Completed","GBP","-51.98","0.00","-51.98","","-11,568.89",""
"05/06/2024","02:21:21","BST","JUSTEAT.CO.UK LTD","Express Checkout Payment","Completed","GBP","-15.53","0.00","-15.53","","-11,584.42",""
"05/06/2024","02:21:21","BST","JUSTEAT.CO.UK LTD","General Authorisation","Completed","GBP","-15.53","0.00","-15.53","","-11,584.42",""
"05/06/2024","18:39:33","BST","Google","Pre-approved Payment Bill User Payment","Completed","GBP","-12.99","0.00","-12.99","","-11,597.41",""
"07/06/2024","04:18:48","BST","NETFLIX SERVICES UK LIMITED","Pre-approved Payment Bill User Payment","Completed","GBP","-10.99","0.00","-10.99","","-11,608.40",""
"09/06/2024","18:43:41","BST","LIME TECHNOLOGY LIMITED","Pre-approved Payment Bill User Payment","Completed","GBP","-5.35","0.00","-5.35","","-11,613.75",""
"09/06/2024","18:43:41","BST","LIME TECHNOLOGY LIMITED","Pre-approved Payment Bill User Payment","Completed","GBP","-5.35","0.00","-5.35","","-11,619.10",""
"09/06/2024","18:43:41","BST","LIME TECHNOLOGY LIMITED","General Authorisation","Completed","GBP","-10.00","0.00","-10.00","","-11,619.10",""
"14/06/2024","09:28:20","BST","","General Credit Card Deposit","Completed","GBP","5.35","0.00","5.35","","-11,613.75",""
"14/06/2024","09:28:20","BST","","Reversal of ACH Deposit","Completed","GBP","-5.35","0.00","-5.35","","-11,619.10",""
"14/06/2024","09:34:53","BST","","General Credit Card Deposit","Completed","GBP","5.35","0.00","5.35","","-11,613.75",""
"14/06/2024","09:34:53","BST","","Reversal of ACH Deposit","Completed","GBP","-5.35","0.00","-5.35","","-11,619.10",""
"16/06/2024","10:45:31","BST","Coursera Europe B.V.","Pre-approved Payment Bill User Payment","Completed","GBP","-38.00","0.00","-38.00","","-11,657.10",""
"16/06/2024","13:08:02","BST","News UK and Ireland Limited","Pre-approved Payment Bill User Payment","Completed","GBP","-26.00","0.00","-26.00","","-11,683.10",""
"20/06/2024","21:10:05","BST","Google","Pre-approved Payment Bill User Payment","Completed","GBP","-11.99","0.00","-11.99","","-11,695.09",""
"20/06/2024","21:10:41","BST","Google","Pre-approved Payment Bill User Payment","Completed","GBP","-8.99","0.00","-8.99","","-11,704.08",""
"20/06/2024","23:24:00","BST","Google","Pre-approved Payment Bill User Payment","Completed","GBP","-4.99","0.00","-4.99","","-11,709.07",""
"21/06/2024","09:24:47","BST","","General Credit Card Deposit","Refused","GBP","26.00","0.00","26.00","","-11,709.07",""
"21/06/2024","09:35:05","BST","","Reversal of ACH Deposit","Completed","GBP","-26.00","0.00","-26.00","","-11,735.07",""
"21/06/2024","09:39:46","BST","","General Credit Card Deposit","Refused","GBP","38.00","0.00","38.00","","-11,735.07",""
"21/06/2024","09:50:12","BST","","Reversal of ACH Deposit","Completed","GBP","-38.00","0.00","-38.00","","-11,773.07",""
"22/06/2024","00:58:39","BST","Google","Pre-approved Payment Bill User Payment","Completed","GBP","-3.49","0.00","-3.49","","-11,776.56",""
"22/06/2024","00:58:39","BST","","General Credit Card Deposit","Completed","GBP","3.49","0.00","3.49","","-11,773.07",""
"22/06/2024","19:06:32","BST","SONY INTERACTIVE ENTERTAINMENT NETWORK EUROPE LIMITED","Pre-approved Payment Bill User Payment","Completed","GBP","-5.99","0.00","-5.99","","-11,779.06",""
"22/06/2024","19:06:32","BST","","General Credit Card Deposit","Completed","GBP","5.99","0.00","5.99","","-11,773.07",""
"22/06/2024","20:22:52","BST","UBER PAYMENTS UK LIMITED","Pre-approved Payment Bill User Payment","Completed","GBP","-17.00","0.00","-17.00","","-11,790.07",""
"22/06/2024","20:22:52","BST","","General Credit Card Deposit","Completed","GBP","17.00","0.00","17.00","","-11,773.07",""
"22/06/2024","20:22:52","BST","UBER PAYMENTS UK LIMITED","General Authorisation","Completed","GBP","-17.00","0.00","-17.00","","-11,773.07",""
"23/06/2024","21:44:00","BST","JUSTEAT.CO.UK LTD","Express Checkout Payment","Completed","GBP","-16.50","0.00","-16.50","","-11,789.57",""
"23/06/2024","21:44:00","BST","","General Credit Card Deposit","Completed","GBP","16.50","0.00","16.50","","-11,773.07",""
"23/06/2024","21:44:00","BST","JUSTEAT.CO.UK LTD","General Authorisation","Completed","GBP","-16.50","0.00","-16.50","","-11,773.07",""
"24/06/2024","03:10:22","BST","Google","Pre-approved Payment Bill User Payment","Completed","GBP","-1.59","0.00","-1.59","","-11,774.66",""
"24/06/2024","03:10:22","BST","","General Credit Card Deposit","Completed","GBP","1.59","0.00","1.59","","-11,773.07",""
"28/06/2024","08:07:09","BST","Sky UK Limited","Pre-approved Payment Bill User Payment","Completed","GBP","-9.99","0.00","-9.99","","-11,783.06",""
"28/06/2024","08:07:09","BST","","General Credit Card Deposit","Completed","GBP","9.99","0.00","9.99","","-11,773.07",""
"28/06/2024","08:07:09","BST","Sky UK Limited","General Authorisation","Completed","GBP","-9.99","0.00","-9.99","","-11,773.07",""
"29/06/2024","02:19:51","BST","UBER PAYMENTS UK LIMITED","Pre-approved Payment Bill User Payment","Completed","GBP","-21.91","0.00","-21.91","","-11,794.98",""
"29/06/2024","02:19:51","BST","","General Credit Card Deposit","Completed","GBP","21.91","0.00","21.91","","-11,773.07",""
"29/06/2024","02:19:55","BST","UBER PAYMENTS UK LIMITED","Void of Authorisation","Reversed","GBP","-1.00","0.00","-1.00","","-11,773.07",""
"29/06/2024","08:03:53","BST","Sky UK Limited","Pre-approved Payment Bill User Payment","Completed","GBP","-6.00","0.00","-6.00","","-11,779.07",""
"29/06/2024","08:03:53","BST","","General Credit Card Deposit","Completed","GBP","6.00","0.00","6.00","","-11,773.07",""
"29/06/2024","08:03:53","BST","Sky UK Limited","General Authorisation","Completed","GBP","-6.00","0.00","-6.00","","-11,773.07",""
"29/06/2024","08:51:08","BST","JUSTEAT.CO.UK LTD","Express Checkout Payment","Completed","GBP","-15.37","0.00","-15.37","","-11,788.44",""
"29/06/2024","08:51:08","BST","","General Credit Card Deposit","Completed","GBP","15.37","0.00","15.37","","-11,773.07",""
"29/06/2024","08:51:08","BST","JUSTEAT.CO.UK LTD","General Authorisation","Completed","GBP","-15.37","0.00","-15.37","","-11,773.07",""
"30/06/2024","11:34:18","BST","Automattic Inc.","Pre-approved Payment Bill User Payment","Completed","GBP","-62.40","0.00","-62.40","","-11,835.47",""
"30/06/2024","11:34:18","BST","","General Credit Card Deposit","Completed","GBP","62.40","0.00","62.40","","-11,773.07",""
"30/06/2024","14:52:04","BST","JUSTEAT.CO.UK LTD","Express Checkout Payment","Completed","GBP","-26.88","0.00","-26.88","","-11,799.95",""
"30/06/2024","14:52:04","BST","","General Credit Card Deposit","Completed","GBP","26.88","0.00","26.88","","-11,773.07",""
"30/06/2024","14:52:04","BST","JUSTEAT.CO.UK LTD","General Authorisation","Completed","GBP","-26.88","0.00","-26.88","","-11,773.07",""
"30/06/2024","20:12:58","BST","Google","Pre-approved Payment Bill User Payment","Completed","GBP","-3.99","0.00","-3.99","","-11,777.06",""
"30/06/2024","20:12:58","BST","","General Credit Card Deposit","Completed","GBP","3.99","0.00","3.99","","-11,773.07",""
"30/06/2024","20:14:13","BST","Google","Pre-approved Payment Bill User Payment","Completed","GBP","-11.99","0.00","-11.99","","-11,785.06",""
"30/06/2024","20:14:13","BST","","General Credit Card Deposit","Completed","GBP","11.99","0.00","11.99","","-11,773.07",""
"01/07/2024","10:20:59","BST","","ACH Funding for Funds Recovery from Account Balance","Completed","GBP","38.00","0.00","38.00","","-11,735.07",""
"01/07/2024","10:48:45","BST","","ACH Funding for Funds Recovery from Account Balance","Completed","GBP","26.00","0.00","26.00","","-11,709.07",""
"01/07/2024","19:32:47","BST","Microsoft Payments Unlimited Company","Pre-approved Payment Bill User Payment","Completed","GBP","-12.99","0.00","-12.99","","-11,722.06",""
"03/07/2024","14:48:56","BST","Adobe Systems Software Ireland LTD","Pre-approved Payment Bill User Payment","Completed","GBP","-51.98","0.00","-51.98","","-11,774.04",""
"05/07/2024","18:39:32","BST","Google","Pre-approved Payment Bill User Payment","Completed","GBP","-12.99","0.00","-12.99","","-11,787.03",""
"05/07/2024","18:39:32","BST","","General Credit Card Deposit","Completed","GBP","12.99","0.00","12.99","","-11,774.04",""
"06/07/2024","01:48:15","BST","JUSTEAT.CO.UK LTD","Express Checkout Payment","Completed","GBP","-25.73","0.00","-25.73","","-11,799.77",""
"06/07/2024","01:48:15","BST","JUSTEAT.CO.UK LTD","General Authorisation","Completed","GBP","-25.73","0.00","-25.73","","-11,799.77",""
"07/07/2024","03:50:56","BST","NETFLIX SERVICES UK LIMITED","Pre-approved Payment Bill User Payment","Completed","GBP","-10.99","0.00","-10.99","","-11,810.76",""
"11/07/2024","05:06:40","BST","JUSTEAT.CO.UK LTD","Express Checkout Payment","Completed","GBP","-16.17","0.00","-16.17","","-11,826.93",""
"11/07/2024","05:06:40","BST","JUSTEAT.CO.UK LTD","General Authorisation","Completed","GBP","-16.17","0.00","-16.17","","-11,826.93",""
"16/07/2024","10:43:21","BST","Coursera Europe B.V.","Pre-approved Payment Bill User Payment","Completed","GBP","-38.00","0.00","-38.00","","-11,864.93",""
"16/07/2024","13:10:56","BST","News UK and Ireland Limited","Pre-approved Payment Bill User Payment","Completed","GBP","-26.00","0.00","-26.00","","-11,890.93",""
"18/07/2024","13:49:56","BST","Google","Pre-approved Payment Bill User Payment","Completed","GBP","-26.80","0.00","-26.80","","-11,917.73",""
"18/07/2024","13:49:56","BST","","General Credit Card Deposit","Completed","GBP","26.80","0.00","26.80","","-11,890.93",""
"22/07/2024","19:06:20","BST","SONY INTERACTIVE ENTERTAINMENT NETWORK EUROPE LIMITED","Pre-approved Payment Bill User Payment","Completed","GBP","-5.99","0.00","-5.99","","-11,896.92",""
"24/07/2024","03:10:21","BST","Google","Pre-approved Payment Bill User Payment","Completed","GBP","-1.59","0.00","-1.59","","-11,898.51",""
"24/07/2024","03:10:21","BST","","General Credit Card Deposit","Completed","GBP","1.59","0.00","1.59","","-11,896.92",""
"27/07/2024","01:40:53","BST","Google","Pre-approved Payment Bill User Payment","Completed","GBP","-16.99","0.00","-16.99","","-11,913.91",""
"27/07/2024","01:40:53","BST","","General Credit Card Deposit","Completed","GBP","16.99","0.00","16.99","","-11,896.92",""
"28/07/2024","08:02:40","BST","Sky UK Limited","Pre-approved Payment Bill User Payment","Completed","GBP","-9.99","0.00","-9.99","","-11,906.91",""
"29/07/2024","08:01:18","BST","Sky UK Limited","Pre-approved Payment Bill User Payment","Completed","GBP","-6.00","0.00","-6.00","","-11,912.91",""
"02/08/2024","08:02:18","BST","Microsoft Payments Unlimited Company","Pre-approved Payment Bill User Payment","Completed","GBP","-12.99","0.00","-12.99","","-11,925.90",""
"02/08/2024","23:03:01","BST","Ubisoft EMEA SAS","Express Checkout Payment","Completed","GBP","-7.99","0.00","-7.99","","-11,933.89",""
"03/08/2024","01:40:52","BST","Google","Pre-approved Payment Bill User Payment","Completed","GBP","-16.99","0.00","-16.99","","-11,950.88",""
"03/08/2024","01:40:52","BST","","General Credit Card Deposit","Completed","GBP","16.99","0.00","16.99","","-11,933.89",""
"03/08/2024","15:42:13","BST","Adobe Systems Software Ireland LTD","Pre-approved Payment Bill User Payment","Completed","GBP","-51.98","0.00","-51.98","","-11,985.87",""
"05/08/2024","18:39:32","BST","Google","Pre-approved Payment Bill User Payment","Completed","GBP","-12.99","0.00","-12.99","","-11,998.86",""
"05/08/2024","18:39:32","BST","","General Credit Card Deposit","Completed","GBP","12.99","0.00","12.99","","-11,985.87",""
"07/08/2024","03:03:16","BST","NETFLIX SERVICES UK LIMITED","Pre-approved Payment Bill User Payment","Completed","GBP","-10.99","0.00","-10.99","","-11,996.86",""
"09/08/2024","18:11:30","BST","Canva Pty Limited","Pre-approved Payment Bill User Payment","Completed","GBP","-10.99","0.00","-10.99","","-12,007.85",""
"10/08/2024","01:40:52","BST","","General Credit Card Deposit","Refused","GBP","16.99","0.00","16.99","","-12,007.85",""
"10/08/2024","01:40:53","BST","Google","Pre-approved Payment Bill User Payment","Completed","GBP","-16.99","0.00","-16.99","","-12,024.84",""
"10/08/2024","05:36:52","BST","JUSTEAT.CO.UK LTD","Express Checkout Payment","Completed","GBP","-14.84","0.00","-14.84","","-12,039.68",""
"10/08/2024","05:36:52","BST","JUSTEAT.CO.UK LTD","General Authorisation","Completed","GBP","-14.84","0.00","-14.84","","-12,039.68",""
"11/08/2024","05:53:27","BST","JUSTEAT.CO.UK LTD","Express Checkout Payment","Completed","GBP","-20.17","0.00","-20.17","","-12,059.85",""
"11/08/2024","05:53:27","BST","JUSTEAT.CO.UK LTD","General Authorisation","Completed","GBP","-20.17","0.00","-20.17","","-12,059.85",""
"11/08/2024","20:11:06","BST","Google","Pre-approved Payment Bill User Payment","Completed","GBP","-8.99","0.00","-8.99","","-12,068.84",""
"11/08/2024","20:11:06","BST","","General Credit Card Deposit","Completed","GBP","8.99","0.00","8.99","","-12,059.85",""
"11/08/2024","22:48:31","BST","Google","Pre-approved Payment Bill User Payment","Completed","GBP","-17.99","0.00","-17.99","","-12,077.84",""
"11/08/2024","22:48:31","BST","","General Credit Card Deposit","Completed","GBP","17.99","0.00","17.99","","-12,059.85",""
"15/08/2024","15:46:48","BST","Google","Pre-approved Payment Bill User Payment","Completed","GBP","-11.99","0.00","-11.99","","-12,071.84",""
"15/08/2024","15:46:48","BST","","General Credit Card Deposit","Completed","GBP","11.99","0.00","11.99","","-12,059.85",""
"16/08/2024","23:31:55","BST","LIME TECHNOLOGY LIMITED","Pre-approved Payment Bill User Payment","Completed","GBP","-3.03","0.00","-3.03","","-12,062.88",""
"16/08/2024","23:31:55","BST","LIME TECHNOLOGY LIMITED","General Authorisation","Completed","GBP","-10.00","0.00","-10.00","","-12,062.88",""
"17/08/2024","01:40:52","BST","Google","Pre-approved Payment Bill User Payment","Completed","GBP","-16.99","0.00","-16.99","","-12,079.87",""
"17/08/2024","01:40:52","BST","","General Credit Card Deposit","Completed","GBP","16.99","0.00","16.99","","-12,062.88",""
"17/08/2024","15:57:58","BST","LinkedIn Ireland","Pre-approved Payment Bill User Payment","Completed","GBP","-34.99","0.00","-34.99","","-12,097.87",""
"22/08/2024","19:06:31","BST","SONY INTERACTIVE ENTERTAINMENT NETWORK EUROPE LIMITED","Pre-approved Payment Bill User Payment","Completed","GBP","-5.99","0.00","-5.99","","-12,103.86",""
"24/08/2024","01:40:52","BST","Google","Pre-approved Payment Bill User Payment","Completed","GBP","-16.99","0.00","-16.99","","-12,120.85",""
"24/08/2024","01:40:52","BST","","General Credit Card Deposit","Completed","GBP","16.99","0.00","16.99","","-12,103.86",""
"24/08/2024","03:10:19","BST","Google","Pre-approved Payment Bill User Payment","Completed","GBP","-1.59","0.00","-1.59","","-12,105.45",""
"24/08/2024","03:10:19","BST","","General Credit Card Deposit","Completed","GBP","1.59","0.00","1.59","","-12,103.86",""
"28/08/2024","08:01:10","BST","Sky UK Limited","Pre-approved Payment Bill User Payment","Completed","GBP","-9.99","0.00","-9.99","","-12,113.85",""
"29/08/2024","08:02:47","BST","Sky UK Limited","Pre-approved Payment Bill User Payment","Completed","GBP","-6.00","0.00","-6.00","","-12,119.85",""
"30/08/2024","01:36:59","BST","JUSTEAT.CO.UK LTD","Express Checkout Payment","Completed","GBP","-12.97","0.00","-12.97","","-12,132.82",""
"30/08/2024","01:36:59","BST","JUSTEAT.CO.UK LTD","General Authorisation","Completed","GBP","-12.97","0.00","-12.97","","-12,132.82",""
"01/09/2024","03:58:58","BST","Microsoft Payments Unlimited Company","Pre-approved Payment Bill User Payment","Completed","GBP","-12.99","0.00","-12.99","","-12,145.81",""
"03/09/2024","17:12:07","BST","Adobe Systems Software Ireland LTD","Pre-approved Payment Bill User Payment","Completed","GBP","-51.98","0.00","-51.98","","-12,197.79",""
